symbol,asOfDate,periodType,currencyCode,Amortization,AmortizationOfIntangiblesIncomeStatement,BasicAverageShares,BasicEPS,DepreciationAmortizationDepletionIncomeStatement,DepreciationAndAmortizationInIncomeStatement,DepreciationIncomeStatement,DilutedAverageShares,DilutedEPS,DilutedNIAvailtoComStockholders,GainOnSaleOfBusiness,GainOnSaleOfSecurity,GeneralAndAdministrativeExpense,ImpairmentOfCapitalAssets,InsuranceAndClaims,InterestExpense,InterestIncome,NetIncome,NetIncomeCommonStockholders,NetIncomeContinuousOperations,NetIncomeDiscontinuousOperations,NetIncomeExtraordinary,NetIncomeFromContinuingAndDiscontinuedOperation,NetIncomeFromContinuingOperationNetMinorityInterest,NetIncomeIncludingNoncontrollingInterests,NetInterestIncome,NormalizedIncome,OperatingRevenue,OtherGandA,OtherSpecialCharges,OtherunderPreferredStockDividend,PreferredStockDividends,PretaxIncome,ReconciledDepreciation,RestructuringAndMergernAcquisition,SalariesAndWages,SellingAndMarketingExpense,SellingGeneralAndAdministration,SpecialIncomeCharges,TaxEffectOfUnusualItems,TaxProvision,TaxRateForCalcs,TotalRevenue,TotalUnusualItems,TotalUnusualItemsExcludingGoodwill,WriteOff
GS,1999-02-28,3M,USD,,,444686000.0,2.264519,,,,444686000.0,2.264519,1007000000.0,,,1275000000.0,,,2861000000.0,3013000000.0,1007000000.0,1007000000.0,1007000000.0,,,1007000000.0,1007000000.0,1007000000.0,152000000.0,1007000000.0,152000000.0,,,,,1188000000.0,97000000.0,,1275000000.0,,1275000000.0,,0.0,181000000.0,0.152357,152000000.0,,,
GS,1999-05-31,3M,USD,,,472222218.0,0.72,,,,478873235.0,0.71,340000000.0,,616000000.0,1953000000.0,,,2886000000.0,3018000000.0,340000000.0,340000000.0,340000000.0,,,340000000.0,340000000.0,340000000.0,132000000.0,340000000.0,3469000000.0,,,,,-1487000000.0,61000000.0,,1953000000.0,78000000.0,2031000000.0,,0.0,-1827000000.0,0.4,3469000000.0,,,
GS,1999-08-31,3M,USD,,,476119398.0,1.34,,,,483333328.0,1.32,638000000.0,,1423000000.0,1704000000.0,,,3032000000.0,3238000000.0,638000000.0,638000000.0,638000000.0,,,638000000.0,638000000.0,638000000.0,206000000.0,638000000.0,3408000000.0,,,,,1082000000.0,71000000.0,,1704000000.0,92000000.0,1796000000.0,,0.0,444000000.0,0.4,3408000000.0,,,
GS,1999-11-30,3M,USD,,,,,,,,,,723000000.0,,1218000000.0,1527000000.0,,,3239000000.0,3453000000.0,723000000.0,723000000.0,723000000.0,,,723000000.0,723000000.0,723000000.0,214000000.0,723000000.0,3473000000.0,,,,,1209000000.0,108000000.0,,1527000000.0,117000000.0,1644000000.0,,0.0,486000000.0,0.4,3473000000.0,,,
GS,2000-02-29,3M,USD,,,484576493.0,1.83,,,,505387038.0,1.76,887000000.0,,2096000000.0,2247000000.0,,,3471000000.0,3694000000.0,887000000.0,887000000.0,887000000.0,,,887000000.0,887000000.0,887000000.0,223000000.0,887000000.0,4493000000.0,,,,,1479000000.0,101000000.0,,2247000000.0,106000000.0,2353000000.0,,0.0,592000000.0,0.4,4493000000.0,,,
GS,2000-05-31,3M,USD,,,484380047.0,1.56,,,,510262721.0,1.48,755000000.0,,942000000.0,2077000000.0,,,4041000000.0,4334000000.0,755000000.0,755000000.0,755000000.0,,,755000000.0,755000000.0,755000000.0,293000000.0,755000000.0,4155000000.0,,,,,1258000000.0,102000000.0,,2077000000.0,111000000.0,2188000000.0,,0.0,503000000.0,0.399841,4155000000.0,,,
GS,2000-08-31,3M,USD,,,481252642.0,1.71,,,,508894639.0,1.62,824000000.0,,2112000000.0,2263000000.0,,,4324000000.0,4551000000.0,824000000.0,824000000.0,824000000.0,,,824000000.0,824000000.0,824000000.0,227000000.0,824000000.0,4527000000.0,,,,,1373000000.0,119000000.0,,2263000000.0,126000000.0,2389000000.0,,0.0,549000000.0,0.399854,4527000000.0,,,
GS,2000-11-30,3M,USD,,,,,,,,,,601000000.0,,985000000.0,1186000000.0,,,4574000000.0,4817000000.0,601000000.0,601000000.0,601000000.0,,,601000000.0,601000000.0,601000000.0,243000000.0,601000000.0,3415000000.0,,,,,910000000.0,164000000.0,,1186000000.0,163000000.0,1349000000.0,,0.0,309000000.0,0.33956,3415000000.0,,,
GS,2001-02-28,3M,USD,,,515399994.0,1.49,,,,548599994.0,1.4,768000000.0,,2066000000.0,2367000000.0,,,4769000000.0,5137000000.0,768000000.0,768000000.0,768000000.0,,,768000000.0,768000000.0,768000000.0,368000000.0,768000000.0,4733000000.0,,,,,1259000000.0,196000000.0,,2367000000.0,124000000.0,2491000000.0,,0.0,491000000.0,0.389992,4733000000.0,,,
GS,2001-05-31,3M,USD,,,513799994.0,1.12,,,,545799994.0,1.06,577000000.0,,1795000000.0,1907000000.0,,,4168000000.0,4334000000.0,577000000.0,577000000.0,577000000.0,,,577000000.0,577000000.0,577000000.0,166000000.0,577000000.0,3990000000.0,,,,,946000000.0,209000000.0,,1907000000.0,102000000.0,2009000000.0,,0.0,369000000.0,0.390063,3990000000.0,,,
GS,2001-08-31,3M,USD,,,508099994.0,0.92,,,,539699994.0,0.87,468000000.0,,1267000000.0,1794000000.0,,,3699000000.0,3964000000.0,468000000.0,468000000.0,468000000.0,,,468000000.0,468000000.0,468000000.0,265000000.0,468000000.0,3661000000.0,,,,,767000000.0,226000000.0,,1794000000.0,90000000.0,1884000000.0,,0.0,299000000.0,0.389831,3661000000.0,,,
GS,2001-11-30,3M,USD,,,,,,,,,,497000000.0,,1126000000.0,1632000000.0,,,2691000000.0,3185000000.0,497000000.0,497000000.0,497000000.0,,,497000000.0,497000000.0,497000000.0,494000000.0,497000000.0,3427000000.0,,,,,724000000.0,242000000.0,,1632000000.0,90000000.0,1722000000.0,,0.0,227000000.0,0.313536,3427000000.0,,,
GS,2002-02-28,3M,USD,,,500199994.0,1.05,,,,534399994.0,0.98,524000000.0,,1203000000.0,1799000000.0,,,2102000000.0,2514000000.0,524000000.0,524000000.0,524000000.0,,,524000000.0,524000000.0,524000000.0,412000000.0,524000000.0,3598000000.0,,,,,839000000.0,168000000.0,,1799000000.0,70000000.0,1869000000.0,,0.0,315000000.0,0.375447,3598000000.0,,,
GS,2002-05-31,3M,USD,,,496799995.0,1.13,,,,530999994.0,1.06,563000000.0,,1074000000.0,1926000000.0,,,2383000000.0,3056000000.0,563000000.0,563000000.0,563000000.0,,,563000000.0,563000000.0,563000000.0,673000000.0,563000000.0,3851000000.0,,,,,901000000.0,185000000.0,,1926000000.0,86000000.0,2012000000.0,,0.0,338000000.0,0.375139,3851000000.0,,,
GS,2002-08-31,3M,USD,,,494899995.0,1.05,,,,520399994.0,1.0,522000000.0,,1107000000.0,1824000000.0,,,2223000000.0,2919000000.0,522000000.0,522000000.0,522000000.0,,,522000000.0,522000000.0,522000000.0,696000000.0,522000000.0,3649000000.0,,,,,794000000.0,192000000.0,,1824000000.0,75000000.0,1899000000.0,,0.0,272000000.0,0.342569,3649000000.0,,,
GS,2002-11-30,3M,USD,,,,,,,,,,505000000.0,,679000000.0,1195000000.0,,,2160000000.0,2780000000.0,505000000.0,505000000.0,505000000.0,,,505000000.0,505000000.0,505000000.0,620000000.0,505000000.0,2888000000.0,,,,,719000000.0,199000000.0,,1195000000.0,75000000.0,1270000000.0,,0.0,214000000.0,0.297636,2888000000.0,,,
GS,2003-02-28,3M,USD,,,489299995.0,1.35,,,,511999994.0,1.29,662000000.0,,1773000000.0,2094000000.0,,,1907000000.0,2632000000.0,662000000.0,662000000.0,662000000.0,,,662000000.0,662000000.0,662000000.0,725000000.0,662000000.0,4187000000.0,,,,,1018000000.0,189000000.0,,2094000000.0,55000000.0,2149000000.0,,0.0,356000000.0,0.349705,4187000000.0,,,
GS,2003-05-31,3M,USD,,,485799995.0,1.43,,,,510199994.0,1.36,695000000.0,,1526000000.0,1992000000.0,,,2000000000.0,2867000000.0,695000000.0,695000000.0,695000000.0,,,695000000.0,695000000.0,695000000.0,867000000.0,695000000.0,3985000000.0,,,,,1038000000.0,185000000.0,,1992000000.0,64000000.0,2056000000.0,,0.0,343000000.0,0.330443,3985000000.0,,,
GS,2003-08-31,3M,USD,,,488499995.0,1.39,,,,511699994.0,1.32,677000000.0,,1169000000.0,1896000000.0,,,1922000000.0,2841000000.0,677000000.0,677000000.0,677000000.0,,,677000000.0,677000000.0,677000000.0,919000000.0,677000000.0,3793000000.0,,,,,980000000.0,170000000.0,,1896000000.0,62000000.0,1958000000.0,,0.0,303000000.0,0.309184,3793000000.0,,,
GS,2003-11-30,3M,USD,,,,,,,,,,971000000.0,,5287000000.0,1411000000.0,,,1771000000.0,2411000000.0,971000000.0,971000000.0,971000000.0,,,971000000.0,971000000.0,971000000.0,640000000.0,971000000.0,4058000000.0,,,,,1409000000.0,337000000.0,,1411000000.0,83000000.0,1494000000.0,,0.0,438000000.0,0.310859,4058000000.0,,,
GS,2004-02-29,3M,USD,,,491999995.0,2.63,,,,517099994.0,2.5,1293000000.0,,3819000000.0,2964000000.0,,,1873000000.0,2545000000.0,1293000000.0,1293000000.0,1293000000.0,,,1293000000.0,1293000000.0,1293000000.0,672000000.0,1293000000.0,6032000000.0,,,,,1929000000.0,167000000.0,,2964000000.0,62000000.0,3026000000.0,,0.0,636000000.0,0.329705,6032000000.0,,,
GS,2004-05-31,3M,USD,,,487899995.0,2.43,,,,513499994.0,2.31,1187000000.0,,3409000000.0,2756000000.0,,,2038000000.0,2710000000.0,1187000000.0,1187000000.0,1187000000.0,,,1187000000.0,1187000000.0,1187000000.0,672000000.0,1187000000.0,5638000000.0,,,,,1740000000.0,152000000.0,,2756000000.0,76000000.0,2832000000.0,,0.0,553000000.0,0.317816,5638000000.0,,,
GS,2004-08-31,3M,USD,,,489199995.0,1.8,,,,504999994.0,1.74,879000000.0,,2424000000.0,2269000000.0,,,2156000000.0,2905000000.0,879000000.0,879000000.0,879000000.0,,,879000000.0,879000000.0,879000000.0,749000000.0,879000000.0,4647000000.0,,,,,1293000000.0,148000000.0,,2269000000.0,76000000.0,2345000000.0,,0.0,414000000.0,0.320186,4647000000.0,,,
GS,2004-11-30,3M,USD,,,,,,,,,,1194000000.0,,2332000000.0,1617000000.0,,,2821000000.0,3754000000.0,1194000000.0,1194000000.0,1194000000.0,,,1194000000.0,1194000000.0,1194000000.0,933000000.0,1194000000.0,4634000000.0,,,,,1714000000.0,157000000.0,,1617000000.0,160000000.0,1777000000.0,,0.0,520000000.0,0.303384,4634000000.0,,,
GS,2005-02-28,3M,USD,,,494299995.0,3.06,,,,515099994.0,2.94,1512000000.0,,4141000000.0,3203000000.0,,,3449000000.0,4176000000.0,1512000000.0,1512000000.0,1512000000.0,,,1512000000.0,1512000000.0,1512000000.0,727000000.0,1512000000.0,6515000000.0,,,,,2145000000.0,198000000.0,,3203000000.0,82000000.0,3285000000.0,,0.0,633000000.0,0.295105,6515000000.0,,,
GS,2005-05-31,3M,USD,,,485399995.0,1.78,,,,506199994.0,1.71,865000000.0,,2562000000.0,2403000000.0,,,4022000000.0,4867000000.0,865000000.0,865000000.0,865000000.0,,,865000000.0,865000000.0,865000000.0,845000000.0,865000000.0,4927000000.0,,,,,1244000000.0,230000000.0,,2403000000.0,94000000.0,2497000000.0,,0.0,379000000.0,0.304662,4927000000.0,,,
GS,2005-08-31,3M,USD,,,473299995.0,3.4,,,,494199995.0,3.25,1608000000.0,,4842000000.0,3642000000.0,,,4940000000.0,5721000000.0,1617000000.0,1608000000.0,1617000000.0,,,1617000000.0,1617000000.0,1617000000.0,781000000.0,1617000000.0,7393000000.0,,,,9000000.0,2405000000.0,210000000.0,,3642000000.0,92000000.0,3734000000.0,,0.0,788000000.0,0.327651,7393000000.0,,,
GS,2005-11-30,3M,USD,,,,,,,,,,1624000000.0,,3907000000.0,2440000000.0,,,5742000000.0,6486000000.0,1632000000.0,1624000000.0,1632000000.0,,,1632000000.0,1632000000.0,1632000000.0,744000000.0,1632000000.0,6403000000.0,,,,8000000.0,2479000000.0,216000000.0,,2440000000.0,110000000.0,2550000000.0,,0.0,847000000.0,0.34167,6403000000.0,,,
GS,2006-02-28,3M,USD,,,457299995.0,5.36,,,,483299995.0,5.08,2453000000.0,,6687000000.0,5301000000.0,,,6813000000.0,7535000000.0,2479000000.0,2453000000.0,2479000000.0,,,2479000000.0,2479000000.0,2479000000.0,722000000.0,2479000000.0,10433000000.0,,,,26000000.0,3689000000.0,219000000.0,,5301000000.0,100000000.0,5401000000.0,,0.0,1210000000.0,0.328002,10433000000.0,,,
GS,2006-05-31,3M,USD,,,449699995.0,5.08,,,,478299995.0,4.78,2286000000.0,,6921000000.0,5086000000.0,,,7761000000.0,8544000000.0,2312000000.0,2286000000.0,2312000000.0,,,2312000000.0,2312000000.0,2312000000.0,783000000.0,2312000000.0,10241000000.0,,,,26000000.0,3524000000.0,259000000.0,,5086000000.0,121000000.0,5207000000.0,,0.0,1212000000.0,0.343927,10241000000.0,,,
GS,2006-08-31,3M,USD,,,449399995.0,3.46,,,,477399995.0,3.26,1555000000.0,,4368000000.0,3510000000.0,,,8395000000.0,9351000000.0,1594000000.0,1555000000.0,1594000000.0,,,1594000000.0,1594000000.0,1594000000.0,956000000.0,1594000000.0,7584000000.0,,,,39000000.0,2362000000.0,251000000.0,,3510000000.0,117000000.0,3627000000.0,,0.0,768000000.0,0.325148,7584000000.0,,,
GS,2006-11-30,3M,USD,,,,,,,,,,3104000000.0,,-17976000000.0,2560000000.0,,,8719000000.0,9756000000.0,3152000000.0,3104000000.0,3152000000.0,,,3152000000.0,3152000000.0,3152000000.0,1037000000.0,3152000000.0,7422000000.0,,,,48000000.0,4985000000.0,266000000.0,,2560000000.0,154000000.0,2714000000.0,,0.0,1833000000.0,0.367703,7422000000.0,,,
GS,2007-02-28,3M,USD,,,444499995.0,7.08,,,,471899995.0,6.67,3148000000.0,,9073000000.0,6111000000.0,,,9550000000.0,10358000000.0,3197000000.0,3148000000.0,3197000000.0,,,3197000000.0,3197000000.0,3197000000.0,808000000.0,3197000000.0,12730000000.0,,,,49000000.0,4859000000.0,272000000.0,,6111000000.0,132000000.0,6243000000.0,,0.0,1662000000.0,0.342046,12730000000.0,,,
GS,2007-05-31,3M,USD,,,435799995.0,5.25,,,,464099995.0,4.93,2287000000.0,,6242000000.0,4887000000.0,,,10169000000.0,11282000000.0,2333000000.0,2287000000.0,2333000000.0,,,2333000000.0,2333000000.0,2333000000.0,1113000000.0,2333000000.0,10182000000.0,,,,46000000.0,3431000000.0,281000000.0,,4887000000.0,144000000.0,5031000000.0,,0.0,1098000000.0,0.320023,10182000000.0,,,
GS,2007-08-31,3M,USD,,,428999995.0,6.54,,,,457399995.0,6.13,2806000000.0,,7576000000.0,5920000000.0,,,11469000000.0,12810000000.0,2854000000.0,2806000000.0,2854000000.0,,,2854000000.0,2854000000.0,2854000000.0,1341000000.0,2854000000.0,12334000000.0,,,,48000000.0,4259000000.0,283000000.0,,5920000000.0,148000000.0,6068000000.0,,0.0,1405000000.0,0.32989,12334000000.0,,,
GS,2007-11-30,3M,USD,,,,,,,,,,3166000000.0,,-22891000000.0,3272000000.0,,,10793000000.0,11518000000.0,3215000000.0,3166000000.0,3215000000.0,,,3215000000.0,3215000000.0,3215000000.0,725000000.0,3215000000.0,7983000000.0,,,,49000000.0,5055000000.0,331000000.0,,3272000000.0,177000000.0,3449000000.0,,0.0,1840000000.0,0.363996,7983000000.0,,,
GS,2008-02-29,3M,USD,,,432799995.0,3.39,,,,453499995.0,3.23,1467000000.0,,4877000000.0,4001000000.0,,,10294000000.0,11245000000.0,1511000000.0,1467000000.0,1511000000.0,,,1511000000.0,1511000000.0,1511000000.0,951000000.0,1511000000.0,8335000000.0,,,,44000000.0,2143000000.0,343000000.0,,4001000000.0,144000000.0,4145000000.0,,0.0,632000000.0,0.294914,8335000000.0,,,
GS,2008-05-31,3M,USD,,,427499995.0,4.8,,,,447399995.0,4.58,2051000000.0,,5239000000.0,4522000000.0,,,8221000000.0,9498000000.0,2087000000.0,2051000000.0,2087000000.0,,,2087000000.0,2087000000.0,2087000000.0,1277000000.0,2087000000.0,9422000000.0,,,,36000000.0,2832000000.0,311000000.0,,4522000000.0,126000000.0,4648000000.0,,0.0,745000000.0,0.263065,9422000000.0,,,
GS,2008-08-31,3M,USD,,,427599995.0,1.89,,,,448299995.0,1.81,810000000.0,,2440000000.0,2901000000.0,,,7582000000.0,8717000000.0,845000000.0,810000000.0,845000000.0,,,845000000.0,845000000.0,845000000.0,1135000000.0,845000000.0,6043000000.0,,,,35000000.0,960000000.0,392000000.0,,2901000000.0,119000000.0,3020000000.0,,0.0,115000000.0,0.119792,6043000000.0,,,
GS,2008-11-30,3M,USD,,,459899995.0,-4.97,488000000.0,488000000.0,,459899995.0,-4.97,-2287000000.0,,0.0,7758000000.0,,,5260000000.0,6173000000.0,-2121000000.0,-2287000000.0,-2121000000.0,,,-2121000000.0,-2121000000.0,-2121000000.0,913000000.0,-1942250000.0,-1821000000.0,,,,166000000.0,-3599000000.0,488000000.0,275000000.0,7758000000.0,96000000.0,96000000.0,-275000000.0,-96250000.0,-1478000000.0,0.35,-1821000000.0,-275000000.0,-275000000.0,
GS,2009-03-31,3M,USD,38000000.0,38000000.0,477399995.0,3.48,549000000.0,549000000.0,511000000.0,489199995.0,3.39,1659000000.0,,0.0,4885000000.0,,,2455000000.0,4362000000.0,1814000000.0,1659000000.0,1814000000.0,,,1814000000.0,1814000000.0,1814000000.0,1907000000.0,1814000000.0,9425000000.0,173000000.0,,,155000000.0,2629000000.0,649000000.0,,4712000000.0,604000000.0,5489000000.0,,0.0,815000000.0,0.310004,9425000000.0,,,
GS,2009-06-30,3M,USD,,,514099994.0,5.27,426000000.0,426000000.0,,550999994.0,4.93,2718000000.0,,0.0,6822000000.0,,,1428000000.0,3470000000.0,3435000000.0,2718000000.0,3435000000.0,,,3435000000.0,3435000000.0,3435000000.0,2042000000.0,3435000000.0,13761000000.0,173000000.0,,,717000000.0,5029000000.0,426000000.0,,6649000000.0,656000000.0,7478000000.0,,0.0,1594000000.0,0.316962,13761000000.0,,,
GS,2009-09-30,3M,USD,,,525899994.0,5.74,367000000.0,367000000.0,,576899994.0,5.25,3028000000.0,,0.0,5545000000.0,,,1310000000.0,3000000000.0,3188000000.0,3028000000.0,3188000000.0,,,3188000000.0,3188000000.0,3188000000.0,1690000000.0,3188000000.0,12372000000.0,194000000.0,,,160000000.0,4794000000.0,367000000.0,,5351000000.0,664000000.0,6209000000.0,,0.0,1606000000.0,0.335002,12372000000.0,,,
GS,2009-12-31,3M,USD,,,530499994.0,9.01,392000000.0,392000000.0,,583999994.0,8.2,4787000000.0,,0.0,-1059000000.0,,,1307000000.0,3075000000.0,4948000000.0,4787000000.0,4948000000.0,,,4948000000.0,4948000000.0,4948000000.0,1768000000.0,4968122000.813339,9526000000.0,169000000.0,30000000.0,,161000000.0,7377000000.0,392000000.0,,-519000000.0,108000000.0,108000000.0,-30000000.0,-9877999.186661,2429000000.0,0.329267,9526000000.0,-30000000.0,-30000000.0,
GS,2010-03-31,3M,USD,,,545999994.0,6.02,372000000.0,372000000.0,,589999994.0,5.59,3296000000.0,,0.0,5669000000.0,,,1583000000.0,3001000000.0,3456000000.0,3296000000.0,3456000000.0,,,3456000000.0,3456000000.0,3456000000.0,1418000000.0,3456000000.0,12775000000.0,176000000.0,,,160000000.0,5159000000.0,372000000.0,,5493000000.0,672000000.0,6341000000.0,,0.0,1703000000.0,0.330103,12775000000.0,,,
GS,2010-06-30,3M,USD,,,539799994.0,0.82,437000000.0,437000000.0,,580399994.0,0.78,453000000.0,,0.0,3988000000.0,,,1683000000.0,3302000000.0,613000000.0,453000000.0,613000000.0,,,613000000.0,613000000.0,613000000.0,1619000000.0,613000000.0,8841000000.0,186000000.0,,,160000000.0,1448000000.0,437000000.0,,3802000000.0,738000000.0,4726000000.0,,0.0,835000000.0,0.35,8841000000.0,,,
GS,2010-09-30,3M,USD,,,541199994.0,3.19,355000000.0,355000000.0,,582699994.0,2.98,1737000000.0,,0.0,4536000000.0,,,1809000000.0,2937000000.0,1898000000.0,1737000000.0,1898000000.0,,,1898000000.0,1898000000.0,1898000000.0,1128000000.0,1898000000.0,8903000000.0,708000000.0,,,161000000.0,2811000000.0,355000000.0,,3828000000.0,648000000.0,5184000000.0,,0.0,913000000.0,0.324795,8903000000.0,,,
GS,2010-12-31,3M,USD,,,540999994.0,4.1,725000000.0,725000000.0,,587499994.0,3.79,2227000000.0,,0.0,2253000000.0,,,1731000000.0,3069000000.0,2387000000.0,2227000000.0,2387000000.0,,,2387000000.0,2387000000.0,2387000000.0,1338000000.0,2609621761.658031,8064000000.0,-396000000.0,19000000.0,,160000000.0,3474000000.0,725000000.0,,2253000000.0,175000000.0,2428000000.0,-324000000.0,-101378238.341969,1087000000.0,0.312896,8064000000.0,-324000000.0,-324000000.0,305000000.0
GS,2011-03-31,3M,USD,,,540599994.0,1.66,590000000.0,590000000.0,,582999994.0,1.56,908000000.0,,0.0,5431000000.0,,,1749000000.0,3107000000.0,2735000000.0,908000000.0,2735000000.0,,,2735000000.0,2735000000.0,2735000000.0,1358000000.0,2735000000.0,11894000000.0,198000000.0,,,1827000000.0,4040000000.0,590000000.0,,5233000000.0,799000000.0,6230000000.0,,0.0,1305000000.0,0.32302,11894000000.0,,,
GS,2011-06-30,3M,USD,,,531899994.0,1.96,372000000.0,372000000.0,,569499994.0,1.85,1052000000.0,,0.0,3414000000.0,,,2268000000.0,3681000000.0,1087000000.0,1052000000.0,1087000000.0,,,1087000000.0,1087000000.0,1087000000.0,1413000000.0,1087000000.0,7281000000.0,210000000.0,,,35000000.0,1612000000.0,372000000.0,,3204000000.0,798000000.0,4212000000.0,-615000000.0,0.0,525000000.0,0.325682,7281000000.0,-615000000.0,-615000000.0,
GS,2011-09-30,3M,USD,,,518199994.0,-0.84,389000000.0,389000000.0,,518199994.0,-0.84,-428000000.0,,0.0,1787000000.0,,,1998000000.0,3354000000.0,-393000000.0,-428000000.0,-393000000.0,,,-393000000.0,-393000000.0,-393000000.0,1356000000.0,-393000000.0,3587000000.0,209000000.0,668000000.0,,35000000.0,-730000000.0,389000000.0,,1578000000.0,808000000.0,2595000000.0,-668000000.0,0.0,-337000000.0,0.35,3587000000.0,-668000000.0,-668000000.0,
GS,2011-12-31,3M,USD,,,507999994.0,1.91,514000000.0,514000000.0,,531799994.0,1.84,978000000.0,,0.0,2335000000.0,,127000000.0,1967000000.0,3032000000.0,1013000000.0,978000000.0,1013000000.0,,,1013000000.0,1013000000.0,1013000000.0,1065000000.0,1051180433.039294,5489000000.0,211000000.0,47000000.0,,35000000.0,1247000000.0,514000000.0,,2208000000.0,138000000.0,2473000000.0,-47000000.0,-8819566.960706,234000000.0,0.18765,5489000000.0,-47000000.0,-47000000.0,
GS,2012-03-31,3M,USD,,,510799994.0,4.05,433000000.0,433000000.0,,529199994.0,3.92,2074000000.0,,0.0,4731000000.0,,157000000.0,1852000000.0,2833000000.0,2109000000.0,2074000000.0,2109000000.0,,,2109000000.0,2109000000.0,2109000000.0,981000000.0,2109000000.0,9949000000.0,196000000.0,,,35000000.0,3181000000.0,433000000.0,,4378000000.0,117000000.0,4848000000.0,,0.0,1072000000.0,0.337001,9949000000.0,,,
GS,2012-06-30,3M,USD,,,501499994.0,1.83,409000000.0,409000000.0,,520299994.0,1.78,927000000.0,,0.0,202000000.0,,121000000.0,1965000000.0,3055000000.0,962000000.0,927000000.0,962000000.0,,,962000000.0,962000000.0,962000000.0,1090000000.0,962000000.0,6627000000.0,-2834000000.0,,,35000000.0,1415000000.0,409000000.0,,2915000000.0,129000000.0,331000000.0,,0.0,453000000.0,0.320141,6627000000.0,,,
GS,2012-09-30,3M,USD,,,491199995.0,2.95,396000000.0,396000000.0,,510899994.0,2.85,1458000000.0,,0.0,4018000000.0,,153000000.0,1793000000.0,2629000000.0,1512000000.0,1458000000.0,1512000000.0,,,1512000000.0,1512000000.0,1512000000.0,836000000.0,1512000000.0,8351000000.0,190000000.0,,,54000000.0,2298000000.0,396000000.0,,3675000000.0,123000000.0,4141000000.0,,0.0,786000000.0,0.342037,8351000000.0,,,
GS,2012-12-31,3M,USD,,,481499995.0,5.87,500000000.0,500000000.0,,505599994.0,5.6,2833000000.0,500000000.0,0.0,2143000000.0,,167000000.0,1891000000.0,2864000000.0,2892000000.0,2833000000.0,2892000000.0,,,2892000000.0,2892000000.0,2892000000.0,973000000.0,2731072571.296082,8186000000.0,194000000.0,260000000.0,,59000000.0,4313000000.0,500000000.0,,1976000000.0,140000000.0,2283000000.0,240000000.0,79072571.296082,1421000000.0,0.329469,8186000000.0,240000000.0,240000000.0,
GS,2013-03-31,3M,USD,,,482099995.0,4.53,302000000.0,302000000.0,,509799994.0,4.29,2188000000.0,,0.0,4466000000.0,,127000000.0,1683000000.0,2608000000.0,2260000000.0,2188000000.0,2260000000.0,,,2260000000.0,2260000000.0,2260000000.0,925000000.0,2260000000.0,9529000000.0,188000000.0,,,72000000.0,3373000000.0,302000000.0,,4339000000.0,141000000.0,4607000000.0,,0.0,1113000000.0,0.33,9529000000.0,,,
GS,2013-06-30,3M,USD,,,473199995.0,3.92,266000000.0,266000000.0,,503499994.0,3.7,1861000000.0,,0.0,3752000000.0,,49000000.0,1837000000.0,2663000000.0,1931000000.0,1861000000.0,1931000000.0,,,1931000000.0,1931000000.0,1931000000.0,826000000.0,1931000000.0,7999000000.0,182000000.0,,,70000000.0,2645000000.0,266000000.0,,3703000000.0,140000000.0,3892000000.0,,0.0,714000000.0,0.269943,7999000000.0,,,
GS,2013-09-30,3M,USD,,,463399995.0,3.07,280000000.0,280000000.0,,496399995.0,2.88,1429000000.0,,0.0,2382000000.0,,0.0,1558000000.0,2398000000.0,1517000000.0,1429000000.0,1517000000.0,,,1517000000.0,1517000000.0,1517000000.0,840000000.0,1517000000.0,6149000000.0,202000000.0,,,88000000.0,2167000000.0,280000000.0,,2382000000.0,117000000.0,2499000000.0,,0.0,650000000.0,0.299954,6149000000.0,,,
GS,2013-12-31,3M,USD,,,467099995.0,4.8,474000000.0,474000000.0,,488699995.0,4.6,2248000000.0,,0.0,2189000000.0,,0.0,1590000000.0,2391000000.0,2332000000.0,2248000000.0,2332000000.0,,,2332000000.0,2332000000.0,2332000000.0,801000000.0,2700314189.189189,8188000000.0,204000000.0,561000000.0,,84000000.0,3552000000.0,474000000.0,,2189000000.0,143000000.0,2332000000.0,-561000000.0,-192685810.810811,1220000000.0,0.343468,8188000000.0,-561000000.0,-561000000.0,
GS,2014-03-31,3M,USD,,,468599995.0,4.15,390000000.0,390000000.0,,484599995.0,4.02,1949000000.0,,0.0,4011000000.0,,0.0,1557000000.0,2594000000.0,2033000000.0,1949000000.0,2033000000.0,,,2033000000.0,2033000000.0,2033000000.0,1037000000.0,2033000000.0,8733000000.0,200000000.0,,,84000000.0,3021000000.0,390000000.0,,4011000000.0,138000000.0,4149000000.0,,0.0,988000000.0,0.327,8733000000.0,,,
GS,2014-06-30,3M,USD,,,461699995.0,4.21,294000000.0,294000000.0,,475899995.0,4.1,1953000000.0,,0.0,3924000000.0,,0.0,1579000000.0,2579000000.0,2037000000.0,1953000000.0,2037000000.0,,,2037000000.0,2037000000.0,2037000000.0,1000000000.0,2037000000.0,8512000000.0,186000000.0,,,84000000.0,2821000000.0,294000000.0,,3924000000.0,141000000.0,4065000000.0,,0.0,784000000.0,0.277916,8512000000.0,,,
GS,2014-09-30,3M,USD,,,455499995.0,4.69,301000000.0,301000000.0,,469199995.0,4.57,2143000000.0,,0.0,2801000000.0,,0.0,1248000000.0,2297000000.0,2241000000.0,2143000000.0,2241000000.0,,,2241000000.0,2241000000.0,2241000000.0,1049000000.0,2241000000.0,7763000000.0,190000000.0,,,98000000.0,3305000000.0,301000000.0,,2801000000.0,129000000.0,2930000000.0,,0.0,1064000000.0,0.321936,7763000000.0,,,
GS,2014-12-31,3M,USD,,,450399995.0,4.5,352000000.0,352000000.0,,463399995.0,4.38,2032000000.0,,0.0,1955000000.0,,0.0,1173000000.0,2134000000.0,2166000000.0,2032000000.0,2166000000.0,,,2166000000.0,2166000000.0,2166000000.0,961000000.0,2274637383.17757,7019000000.0,203000000.0,161000000.0,,134000000.0,3210000000.0,352000000.0,,1955000000.0,141000000.0,2096000000.0,-161000000.0,-52362616.82243,1044000000.0,0.325234,7019000000.0,-161000000.0,-161000000.0,
GS,2015-03-31,3M,USD,,,453299995.0,6.05,219000000.0,219000000.0,,462899995.0,5.94,2748000000.0,,0.0,4459000000.0,11000000.0,,1176000000.0,2035000000.0,2844000000.0,2748000000.0,2844000000.0,,,2844000000.0,2844000000.0,2844000000.0,859000000.0,2981370000.0,9979000000.0,198000000.0,190000000.0,,96000000.0,3934000000.0,219000000.0,,4459000000.0,139000000.0,4598000000.0,-190000000.0,-52630000.0,1090000000.0,0.277,9979000000.0,-190000000.0,-190000000.0,22000000.0
GS,2015-06-30,3M,USD,,,451399995.0,2.01,265000000.0,265000000.0,,461599995.0,1.98,916000000.0,,0.0,3809000000.0,,,1487000000.0,2150000000.0,1048000000.0,916000000.0,1048000000.0,,,1048000000.0,1048000000.0,1048000000.0,663000000.0,1928417149.478563,8422000000.0,203000000.0,1450000000.0,,132000000.0,1726000000.0,265000000.0,,3809000000.0,147000000.0,3956000000.0,-1450000000.0,-569582850.521437,678000000.0,0.392816,8422000000.0,-1450000000.0,-1450000000.0,
GS,2015-09-30,3M,USD,,,448999995.0,2.95,222000000.0,222000000.0,,458599995.0,2.9,1330000000.0,,0.0,2351000000.0,,,1277000000.0,2119000000.0,1426000000.0,1330000000.0,1426000000.0,,,1426000000.0,1426000000.0,1426000000.0,842000000.0,1715939393.939394,6196000000.0,200000000.0,416000000.0,,96000000.0,2046000000.0,222000000.0,,2351000000.0,123000000.0,2474000000.0,-416000000.0,-126060606.060606,620000000.0,0.30303,6196000000.0,-416000000.0,-416000000.0,
GS,2015-12-31,3M,USD,,,442199995.0,1.28,285000000.0,285000000.0,,451899995.0,1.27,574000000.0,,0.0,2059000000.0,25000000.0,,1448000000.0,2148000000.0,765000000.0,574000000.0,765000000.0,,,765000000.0,765000000.0,765000000.0,700000000.0,2156557835.820896,6647000000.0,205000000.0,1950000000.0,,191000000.0,1072000000.0,285000000.0,,2059000000.0,148000000.0,2207000000.0,-1950000000.0,-558442164.179104,307000000.0,0.286381,6647000000.0,-1950000000.0,-1950000000.0,0.0
GS,2016-03-31,3M,USD,,,440799995.0,2.71,239000000.0,239000000.0,,447399995.0,2.68,1200000000.0,,0.0,2662000000.0,,,1465000000.0,2348000000.0,1135000000.0,1200000000.0,1135000000.0,,,1135000000.0,1135000000.0,1135000000.0,883000000.0,1190440000.0,5647000000.0,197000000.0,77000000.0,,-65000000.0,1576000000.0,239000000.0,,2662000000.0,122000000.0,2784000000.0,-77000000.0,-21560000.0,441000000.0,0.28,5647000000.0,-77000000.0,-77000000.0,
GS,2016-06-30,3M,USD,,,431899995.0,3.77,245000000.0,245000000.0,,439199995.0,3.72,1634000000.0,,0.0,3331000000.0,,,1776000000.0,2530000000.0,1822000000.0,1634000000.0,1822000000.0,,,1822000000.0,1822000000.0,1822000000.0,754000000.0,1915208282.582217,7307000000.0,205000000.0,126000000.0,,188000000.0,2463000000.0,245000000.0,,3331000000.0,112000000.0,3443000000.0,-126000000.0,-32791717.417783,641000000.0,0.260252,7307000000.0,-126000000.0,-126000000.0,
GS,2016-09-30,3M,USD,,,422399995.0,4.96,247000000.0,247000000.0,,430199995.0,4.88,2100000000.0,,0.0,3207000000.0,,,1775000000.0,2389000000.0,2094000000.0,2100000000.0,2094000000.0,,,2094000000.0,2094000000.0,2094000000.0,614000000.0,2127585774.058577,7555000000.0,207000000.0,46000000.0,,-6000000.0,2868000000.0,247000000.0,,3207000000.0,92000000.0,3299000000.0,-46000000.0,-12414225.941423,774000000.0,0.269874,7555000000.0,-46000000.0,-46000000.0,
GS,2016-12-31,3M,USD,,,415199995.0,5.17,267000000.0,267000000.0,,423499995.0,5.08,2153000000.0,,0.0,2447000000.0,,,2088000000.0,2424000000.0,2347000000.0,2153000000.0,2347000000.0,,,2347000000.0,2347000000.0,2347000000.0,336000000.0,2448562849.573153,7544000000.0,200000000.0,147000000.0,,194000000.0,3397000000.0,267000000.0,,2447000000.0,131000000.0,2578000000.0,-147000000.0,-45437150.426847,1050000000.0,0.309096,7544000000.0,-147000000.0,-147000000.0,
GS,2017-03-31,3M,USD,,,412499995.0,5.23,257000000.0,257000000.0,,420099995.0,5.15,2162000000.0,,0.0,3291000000.0,,,2230000000.0,2746000000.0,2255000000.0,2162000000.0,2255000000.0,,,2255000000.0,2255000000.0,2255000000.0,516000000.0,2378432000.0,7411000000.0,223000000.0,139000000.0,,93000000.0,2539000000.0,257000000.0,,3291000000.0,134000000.0,3425000000.0,-139000000.0,-15568000.0,284000000.0,0.112,7411000000.0,-139000000.0,-139000000.0,
GS,2017-06-30,3M,USD,,,406099995.0,4.0,265000000.0,265000000.0,,413299995.0,3.95,1631000000.0,,0.0,3233000000.0,,,2432000000.0,3220000000.0,1831000000.0,1631000000.0,1831000000.0,,,1831000000.0,1831000000.0,1831000000.0,788000000.0,1831000000.0,7224000000.0,224000000.0,22000000.0,,200000000.0,2509000000.0,265000000.0,,3233000000.0,141000000.0,3374000000.0,-22000000.0,0.0,678000000.0,0.270227,7224000000.0,-22000000.0,-22000000.0,
GS,2017-09-30,3M,USD,,,398199996.0,5.09,280000000.0,280000000.0,,405699995.0,5.02,2035000000.0,,0.0,3172000000.0,,,2681000000.0,3411000000.0,2128000000.0,2035000000.0,2128000000.0,,,2128000000.0,2128000000.0,2128000000.0,730000000.0,2140870967.741935,7701000000.0,220000000.0,18000000.0,,93000000.0,2976000000.0,280000000.0,,3172000000.0,138000000.0,3310000000.0,-18000000.0,-5129032.258065,848000000.0,0.284946,7701000000.0,-18000000.0,-18000000.0,
GS,2017-12-31,3M,USD,,,389799996.0,-5.51,350000000.0,350000000.0,,389799996.0,-5.51,-2143000000.0,,0.0,2157000000.0,,,2838000000.0,3736000000.0,-1928000000.0,-2143000000.0,-1928000000.0,,,-1928000000.0,-1928000000.0,-1928000000.0,898000000.0,-1922600000.0,7197000000.0,230000000.0,9000000.0,,215000000.0,3108000000.0,350000000.0,,2157000000.0,175000000.0,2332000000.0,-9000000.0,-3600000.0,5036000000.0,0.4,7197000000.0,-9000000.0,-9000000.0,
GS,2018-03-31,3M,USD,,,389099996.0,7.02,299000000.0,299000000.0,,393799996.0,6.95,2737000000.0,,0.0,4115000000.0,,,3312000000.0,4230000000.0,2832000000.0,2737000000.0,2832000000.0,,,2832000000.0,2832000000.0,2832000000.0,918000000.0,2868432000.0,9192000000.0,251000000.0,44000000.0,,95000000.0,3419000000.0,299000000.0,,4115000000.0,182000000.0,4297000000.0,-44000000.0,-7568000.0,587000000.0,0.172,9192000000.0,-44000000.0,-44000000.0,
GS,2018-06-30,3M,USD,,,387799996.0,6.04,335000000.0,335000000.0,,392599996.0,5.98,2348000000.0,,0.0,3466000000.0,,,3918000000.0,4920000000.0,2565000000.0,2348000000.0,2565000000.0,,,2565000000.0,2565000000.0,2565000000.0,1002000000.0,2680879120.879121,8590000000.0,260000000.0,148000000.0,,217000000.0,3276000000.0,335000000.0,,3466000000.0,183000000.0,3649000000.0,-148000000.0,-32120879.120879,711000000.0,0.217033,8590000000.0,-148000000.0,-148000000.0,
GS,2018-09-30,3M,USD,,,385399996.0,6.35,317000000.0,317000000.0,,390499996.0,6.28,2453000000.0,,0.0,3091000000.0,,,4205000000.0,5061000000.0,2524000000.0,2453000000.0,2524000000.0,,,2524000000.0,2524000000.0,2524000000.0,856000000.0,2504319688.109162,7772000000.0,250000000.0,136000000.0,,71000000.0,3078000000.0,317000000.0,,3091000000.0,167000000.0,3258000000.0,24000000.0,4319688.109162,554000000.0,0.179987,7772000000.0,24000000.0,24000000.0,
GS,2018-12-31,3M,USD,,,379499996.0,6.11,377000000.0,377000000.0,,384299996.0,6.04,2322000000.0,,0.0,1857000000.0,,,4477000000.0,5468000000.0,2538000000.0,2322000000.0,2538000000.0,,,2538000000.0,2538000000.0,2538000000.0,991000000.0,3021607090.103397,7250000000.0,262000000.0,516000000.0,,216000000.0,2708000000.0,377000000.0,,1857000000.0,208000000.0,2065000000.0,-516000000.0,-32392909.896603,170000000.0,0.062777,7250000000.0,-516000000.0,-516000000.0,
GS,2019-03-31,3M,USD,,,379799996.0,5.73,368000000.0,368000000.0,,382399996.0,5.71,2182000000.0,,0.0,3259000000.0,,,4379000000.0,5597000000.0,2251000000.0,2182000000.0,2251000000.0,,,2251000000.0,2251000000.0,2251000000.0,1218000000.0,2281636000.0,8045000000.0,286000000.0,37000000.0,,69000000.0,2719000000.0,368000000.0,,3259000000.0,184000000.0,3443000000.0,-37000000.0,-6364000.0,468000000.0,0.172,8045000000.0,-37000000.0,-37000000.0,
GS,2019-06-30,3M,USD,,,374499996.0,5.86,399000000.0,399000000.0,,377999996.0,5.81,2198000000.0,,0.0,3317000000.0,,,4689000000.0,5760000000.0,2421000000.0,2198000000.0,2421000000.0,,,2421000000.0,2421000000.0,2421000000.0,1071000000.0,2472098816.757275,8638000000.0,290000000.0,66000000.0,,223000000.0,3127000000.0,399000000.0,,3317000000.0,186000000.0,3503000000.0,-66000000.0,-14901183.242725,706000000.0,0.225776,8638000000.0,-66000000.0,-66000000.0,
GS,2019-09-30,3M,USD,,,369999996.0,4.83,473000000.0,473000000.0,,374299996.0,4.79,1793000000.0,,0.0,2731000000.0,,,4451000000.0,5459000000.0,1877000000.0,1793000000.0,1877000000.0,,,1877000000.0,1877000000.0,1877000000.0,1008000000.0,1913514486.754967,7470000000.0,283000000.0,47000000.0,,84000000.0,2416000000.0,473000000.0,,2731000000.0,169000000.0,2900000000.0,-47000000.0,-10485513.245033,539000000.0,0.223096,7470000000.0,-47000000.0,-47000000.0,
GS,2019-12-31,3M,USD,,,362399996.0,4.74,464000000.0,464000000.0,,367299996.0,4.69,1724000000.0,,0.0,3046000000.0,,,3857000000.0,4922000000.0,1917000000.0,1724000000.0,1917000000.0,,,1917000000.0,1917000000.0,1917000000.0,1065000000.0,2817271434.726411,9141000000.0,308000000.0,1090000000.0,,193000000.0,2321000000.0,464000000.0,,3046000000.0,200000000.0,3246000000.0,-1090000000.0,-189728565.273589,404000000.0,0.174063,9141000000.0,-1090000000.0,-1090000000.0,
GS,2020-03-31,3M,USD,,,357999996.0,3.12,437000000.0,437000000.0,,361099996.0,3.11,1123000000.0,,0.0,3235000000.0,,,3437000000.0,4750000000.0,1213000000.0,1123000000.0,1213000000.0,,,1213000000.0,1213000000.0,1213000000.0,1313000000.0,1378600000.0,7768000000.0,321000000.0,184000000.0,,90000000.0,1348000000.0,437000000.0,,3235000000.0,153000000.0,3388000000.0,-184000000.0,-18400000.0,135000000.0,0.1,7768000000.0,-184000000.0,-184000000.0,
GS,2020-06-30,3M,USD,,,355699996.0,6.29,499000000.0,499000000.0,,359099996.0,6.26,2247000000.0,,0.0,4478000000.0,,,2090000000.0,3034000000.0,2423000000.0,2247000000.0,2423000000.0,,,2423000000.0,2423000000.0,2423000000.0,944000000.0,3115809379.727685,12350000000.0,345000000.0,945000000.0,,176000000.0,3305000000.0,499000000.0,,4478000000.0,89000000.0,4567000000.0,-945000000.0,-252190620.272315,882000000.0,0.266868,12350000000.0,-945000000.0,-945000000.0,
GS,2020-09-30,3M,USD,,,355899996.0,9.77,468000000.0,468000000.0,,359899996.0,9.68,3483000000.0,,0.0,3117000000.0,,,1848000000.0,2932000000.0,3617000000.0,3483000000.0,3617000000.0,,,3617000000.0,3617000000.0,3617000000.0,1084000000.0,3621770718.839305,9870000000.0,340000000.0,6000000.0,,134000000.0,4549000000.0,468000000.0,,3117000000.0,70000000.0,3187000000.0,-6000000.0,-1229281.160695,932000000.0,0.20488,9870000000.0,-6000000.0,-6000000.0,
GS,2020-12-31,3M,USD,,,355999996.0,12.23,498000000.0,498000000.0,,360999996.0,12.08,4362000000.0,,0.0,2479000000.0,39000000.0,,1563000000.0,2973000000.0,4506000000.0,4362000000.0,4506000000.0,,,4506000000.0,4506000000.0,4506000000.0,1410000000.0,4525517054.68327,10655000000.0,341000000.0,24000000.0,,144000000.0,5541000000.0,498000000.0,,2479000000.0,89000000.0,2568000000.0,-24000000.0,-4482945.31673,1035000000.0,0.186789,10655000000.0,-24000000.0,-24000000.0,
GS,2021-03-31,3M,USD,,,356599996.0,18.8,498000000.0,498000000.0,,360899996.0,18.6,6711000000.0,,0.0,6043000000.0,,,1572000000.0,3054000000.0,6836000000.0,6711000000.0,6836000000.0,,,6836000000.0,6836000000.0,6836000000.0,1482000000.0,6896680000.0,17704000000.0,,74000000.0,,125000000.0,8337000000.0,498000000.0,,6043000000.0,80000000.0,6123000000.0,-74000000.0,-13320000.0,1501000000.0,0.18,17704000000.0,-74000000.0,-74000000.0,
GS,2021-06-30,3M,USD,,,350799996.0,15.22,520000000.0,520000000.0,,355999996.0,15.02,5347000000.0,,0.0,5263000000.0,,,1310000000.0,2939000000.0,5486000000.0,5347000000.0,5486000000.0,,,5486000000.0,5486000000.0,5486000000.0,1629000000.0,5667262573.099415,15388000000.0,,226000000.0,,139000000.0,6840000000.0,520000000.0,,5263000000.0,115000000.0,5378000000.0,-226000000.0,-44737426.900585,1354000000.0,0.197953,15388000000.0,-226000000.0,-226000000.0,
GS,2021-09-30,3M,USD,,,348299996.0,15.14,509000000.0,509000000.0,,353899996.0,14.93,5284000000.0,,0.0,3167000000.0,,,1553000000.0,3117000000.0,5378000000.0,5284000000.0,5378000000.0,,,5378000000.0,5378000000.0,5378000000.0,1564000000.0,5418873428.821982,13608000000.0,,52000000.0,,94000000.0,6842000000.0,509000000.0,,3167000000.0,165000000.0,3332000000.0,-52000000.0,-11126571.178018,1464000000.0,0.213973,13608000000.0,-52000000.0,-52000000.0,
GS,2021-12-31,3M,USD,,,346599996.0,10.96,488000000.0,488000000.0,,352299996.0,10.81,3809000000.0,,0.0,3246000000.0,9000000.0,,1215000000.0,3010000000.0,3935000000.0,3809000000.0,3935000000.0,,,3935000000.0,3935000000.0,3935000000.0,1795000000.0,4077521393.034826,12639000000.0,,182000000.0,,126000000.0,5025000000.0,488000000.0,,3246000000.0,193000000.0,3439000000.0,-182000000.0,-39478606.965174,1090000000.0,0.216915,12639000000.0,-182000000.0,-182000000.0,
GS,2022-03-31,3M,USD,,,351199996.0,10.87,492000000.0,492000000.0,,355899996.0,10.76,3831000000.0,,0.0,4083000000.0,,,1385000000.0,3212000000.0,3939000000.0,3831000000.0,3939000000.0,,,3939000000.0,3939000000.0,3939000000.0,1827000000.0,4044750000.0,12933000000.0,,125000000.0,,108000000.0,4656000000.0,492000000.0,,4083000000.0,162000000.0,4245000000.0,-125000000.0,-19250000.0,717000000.0,0.154,12933000000.0,-125000000.0,-125000000.0,
GS,2022-06-30,3M,USD,,,354999996.0,7.81,570000000.0,570000000.0,,360499996.0,7.73,2786000000.0,,0.0,3695000000.0,,,3117000000.0,4851000000.0,2927000000.0,2786000000.0,2927000000.0,,,2927000000.0,2927000000.0,2927000000.0,1734000000.0,2927000000.0,11864000000.0,,91000000.0,,141000000.0,3544000000.0,570000000.0,,3695000000.0,235000000.0,3930000000.0,-91000000.0,0.0,617000000.0,0.174097,11864000000.0,-91000000.0,-91000000.0,
GS,2022-09-30,3M,USD,,,352799996.0,8.35,666000000.0,666000000.0,,359199996.0,8.25,2962000000.0,,0.0,3606000000.0,106000000.0,,6507000000.0,8550000000.0,3069000000.0,2962000000.0,3069000000.0,,,3069000000.0,3069000000.0,3069000000.0,2043000000.0,3225064696.485623,11975000000.0,,191000000.0,,107000000.0,3756000000.0,666000000.0,,3606000000.0,199000000.0,3805000000.0,-191000000.0,-34935303.514377,687000000.0,0.182907,11975000000.0,-191000000.0,-191000000.0,
GS,2022-12-31,3M,USD,,,349500000.0,3.35,727000000.0,727000000.0,,356700000.0,3.32,1185000000.0,,0.0,3764000000.0,184000000.0,,10337000000.0,12411000000.0,1326000000.0,1185000000.0,1326000000.0,,,1326000000.0,1326000000.0,1326000000.0,2074000000.0,1472466666.666667,10593000000.0,,169000000.0,,141000000.0,1530000000.0,727000000.0,,3764000000.0,216000000.0,3980000000.0,-169000000.0,-22533333.333333,204000000.0,0.133333,10593000000.0,-169000000.0,-169000000.0,
GS,2023-03-31,3M,USD,,,346600000.0,8.87,615000000.0,615000000.0,,351300000.0,8.79,3087000000.0,,0.0,4090000000.0,,,13157000000.0,14938000000.0,3234000000.0,3087000000.0,3234000000.0,,,3234000000.0,3234000000.0,3234000000.0,1781000000.0,3579870000.0,12224000000.0,,72000000.0,,147000000.0,3993000000.0,615000000.0,,4090000000.0,172000000.0,4262000000.0,-427000000.0,-81130000.0,759000000.0,0.19,12224000000.0,-427000000.0,-427000000.0,355000000.0
JPM,1985-09-30,3M,USD,,,,,,,,,,,,,,,,,,,,95600000.0,,,,,95600000.0,,,,,,,,,,,,,,,,,,,,,
JPM,1985-12-31,3M,USD,,,,,,,,,,,,,,,,,,,,97600000.0,,,,,97600000.0,,,,,,,,,,,,,,,,,,,,,
JPM,1986-03-31,3M,USD,,,147943028.0,0.65,,,,147943028.0,0.63,,,,,,,,,,,102600000.0,,,,,102600000.0,,,,,,,,,,,,,,,,,,,,,
JPM,1986-06-30,3M,USD,,,,,,,,,,,,,,,,,,,,98300000.0,,,,,98300000.0,,,,,,,,,,,,,,,,,,,,,
JPM,1986-09-30,3M,USD,,,,,,,,,,,,,,,,,,,,99100000.0,,,,,99100000.0,,,,,,,,,,,,,,,,,,,,,
JPM,1986-12-31,3M,USD,,,,,,,,,,,,,,,,,,,,102400000.0,,,,,102400000.0,,,,,,,,,,,,,,,,,,,,,
JPM,1987-03-31,3M,USD,,,152497751.0,0.53,,,,152497751.0,0.53,,,,,,,,,,,86200000.0,,,,,86200000.0,,,,,,,,,,,,,,,,,,,,,
JPM,1987-06-30,3M,USD,,,,,,,,,,,,,,,,,,,,-1103100000.0,,,,,-1103100000.0,,,,,,,,,,,,,,,,,,,,,
JPM,1987-09-30,3M,USD,,,,,,,,,,,,,,,,,,,,-66400000.0,,,,,-66400000.0,,,,,,,,,,,,,,,,,,,,,
JPM,1987-12-31,3M,USD,,,,,,,,,,,,,,,,,,,,229600000.0,,,,,229600000.0,,,,,,,,,,,,,,,,,,,,,
JPM,1988-03-31,3M,USD,,,168596702.0,0.65,,,,168596702.0,0.65,,,,,,,,,,,125500000.0,,,,,125500000.0,,,,,,,,,,,,,,,,,,,,,
JPM,1988-06-30,3M,USD,,,,,,,,,,,,,,,,,,,,127700000.0,,,,,127700000.0,,,,,,,,,,,,,,,,,,,,,
JPM,1988-09-30,3M,USD,,,,,,,,,,,,,,,,,,,,211900000.0,,,,,211900000.0,,,,,,,,,,,,,,,,,,,,,
JPM,1988-12-31,3M,USD,,,,,,,,,,,,,,,,,,,,288500000.0,,,,,288500000.0,,,,,,,,,,,,,,,,,,,,,
JPM,1989-03-31,3M,USD,,,193208396.0,0.5,,,,193208396.0,0.5,,,,,,,,,,,117900000.0,,,,,117900000.0,,,,,,,,,,,,,,,,,,,,,
JPM,1989-06-30,3M,USD,,,,,,,,,,,,,,,,,,,,128600000.0,,,,,128600000.0,,,,,,,,,,,,,,,,,,,,,
JPM,1989-09-30,3M,USD,,,,,,,,,,,,,,,,,,,,-824600000.0,,,,,-824600000.0,,,,,,,,,,,,,,,,,,,,,
JPM,1989-12-31,3M,USD,,,,,,,,,,,,,,,,,,,,95900000.0,,,,,95900000.0,,,,,,,,,,,,,,,,,,,,,
JPM,1990-03-31,3M,USD,,,370440780.0,0.52,,,,370440780.0,0.52,133700000.0,,-1400000.0,339100000.0,,,1153900000.0,1636300000.0,151700000.0,133700000.0,151700000.0,,,151700000.0,151700000.0,151700000.0,482400000.0,151700000.0,928100000.0,,,,18000000.0,170100000.0,54000000.0,,339100000.0,,339100000.0,,0.0,18400000.0,0.108172,928100000.0,,,
JPM,1990-06-30,3M,USD,,,273823529.0,0.34,,,,273823529.0,0.34,93100000.0,,3000000.0,338300000.0,,,1097800000.0,1608000000.0,113100000.0,93100000.0,113100000.0,,,113100000.0,113100000.0,113100000.0,510200000.0,113100000.0,848200000.0,,,,20000000.0,130300000.0,56000000.0,,338300000.0,,338300000.0,,0.0,17200000.0,0.132003,848200000.0,,,
JPM,1990-09-30,3M,USD,,,272608696.0,-0.23,,,,272608696.0,-0.23,-62700000.0,,1000000.0,338700000.0,,,1127500000.0,1646500000.0,-43700000.0,-62700000.0,-43700000.0,,,-43700000.0,-43700000.0,-43700000.0,519000000.0,-43700000.0,856100000.0,,,,19000000.0,-27900000.0,66000000.0,,338700000.0,,338700000.0,,0.0,15800000.0,0.4,856100000.0,,,
JPM,1990-12-31,3M,USD,,,,,,,,,,49100000.0,,11200000.0,319200000.0,,,1080700000.0,1620200000.0,70100000.0,49100000.0,70100000.0,,,70100000.0,70100000.0,70100000.0,539500000.0,70100000.0,874200000.0,,,,21000000.0,73900000.0,60000000.0,,319200000.0,,319200000.0,,0.0,3800000.0,0.051421,874200000.0,,,
JPM,1991-03-31,3M,USD,,,272000000.0,0.25,,,,272000000.0,0.25,68000000.0,,600000.0,342900000.0,,,914700000.0,1464200000.0,87000000.0,68000000.0,87000000.0,,,87000000.0,87000000.0,87000000.0,549500000.0,87000000.0,866200000.0,,,,19000000.0,74900000.0,57000000.0,,342900000.0,,342900000.0,,0.0,-12100000.0,0.4,866200000.0,,,
JPM,1991-06-30,3M,USD,,,277777778.0,0.27,,,,277777778.0,0.27,75000000.0,,-700000.0,346500000.0,,,806000000.0,1377700000.0,94000000.0,75000000.0,94000000.0,,,94000000.0,94000000.0,94000000.0,571700000.0,94000000.0,928500000.0,,,,19000000.0,110600000.0,50000000.0,,346500000.0,,346500000.0,,0.0,16600000.0,0.15009,928500000.0,,,
JPM,1991-09-30,3M,USD,,,272195122.0,0.41,,,,272195122.0,0.41,111600000.0,,5300000.0,343400000.0,,,792500000.0,1380500000.0,131600000.0,111600000.0,131600000.0,,,131600000.0,131600000.0,131600000.0,588000000.0,131600000.0,995300000.0,,,,20000000.0,155300000.0,46000000.0,,343400000.0,,343400000.0,,0.0,23700000.0,0.152608,995300000.0,,,
JPM,1991-12-31,3M,USD,,,,,,,,,,-234600000.0,,104800000.0,1336200000.0,,,4655800000.0,7059600000.0,-158600000.0,-234600000.0,-158600000.0,,,-158600000.0,-158600000.0,-158600000.0,2403800000.0,-158600000.0,4169000000.0,,,,76000000.0,-50800000.0,39000000.0,,1336200000.0,,1336200000.0,,0.0,107800000.0,0.4,4169000000.0,,,
JPM,1992-03-31,3M,USD,,,684848485.0,0.33,,,,684848485.0,0.33,226000000.0,,32000000.0,605000000.0,,,1306000000.0,2421000000.0,260000000.0,226000000.0,260000000.0,,,260000000.0,260000000.0,260000000.0,1115000000.0,260000000.0,1925000000.0,,,,34000000.0,351000000.0,82000000.0,,605000000.0,,605000000.0,,0.0,91000000.0,0.259259,1925000000.0,,,
JPM,1992-06-30,3M,USD,,,700000000.0,0.28,,,,700000000.0,0.28,196000000.0,,15000000.0,582000000.0,,,1193000000.0,2292000000.0,240000000.0,196000000.0,240000000.0,,,240000000.0,240000000.0,240000000.0,1099000000.0,240000000.0,1843000000.0,,,,44000000.0,307000000.0,82000000.0,,582000000.0,,582000000.0,,0.0,67000000.0,0.218241,1843000000.0,,,
JPM,1992-09-30,3M,USD,,,751515152.0,0.33,,,,751515152.0,0.33,248000000.0,,8000000.0,578000000.0,,,1098000000.0,2256000000.0,282000000.0,248000000.0,282000000.0,,,282000000.0,282000000.0,282000000.0,1158000000.0,282000000.0,1933000000.0,,,,34000000.0,337000000.0,74000000.0,,578000000.0,,578000000.0,,0.0,55000000.0,0.163205,1933000000.0,,,
JPM,1992-12-31,3M,USD,,,,,,,,,,263000000.0,,-2000000.0,584000000.0,,,953000000.0,2179000000.0,304000000.0,263000000.0,304000000.0,,,304000000.0,304000000.0,304000000.0,1226000000.0,304000000.0,1923000000.0,,,,41000000.0,334000000.0,81000000.0,,584000000.0,,584000000.0,,0.0,30000000.0,0.08982,1923000000.0,,,
JPM,1993-03-31,3M,USD,,,728260870.0,0.46,,,,728260870.0,0.46,335000000.0,,70000000.0,603000000.0,,,975000000.0,2124000000.0,374000000.0,335000000.0,339000000.0,,35000000.0,339000000.0,339000000.0,374000000.0,1149000000.0,339000000.0,2074000000.0,,,,39000000.0,486000000.0,69000000.0,,603000000.0,,603000000.0,,0.0,147000000.0,0.302469,2074000000.0,,,
JPM,1993-06-30,3M,USD,,,757777778.0,0.45,,,,757777778.0,0.45,341000000.0,,5000000.0,634000000.0,,,957000000.0,2132000000.0,381000000.0,341000000.0,381000000.0,,,381000000.0,381000000.0,381000000.0,1175000000.0,381000000.0,2217000000.0,,,,40000000.0,542000000.0,77000000.0,,634000000.0,,634000000.0,,0.0,161000000.0,0.297048,2217000000.0,,,
JPM,1993-09-30,3M,USD,,,760655738.0,0.61,,,,760655738.0,0.61,464000000.0,,51000000.0,612000000.0,,,910000000.0,2073000000.0,502000000.0,464000000.0,502000000.0,,,502000000.0,502000000.0,502000000.0,1163000000.0,502000000.0,2167000000.0,,,,38000000.0,499000000.0,51000000.0,,612000000.0,,612000000.0,,0.0,-3000000.0,0.4,2167000000.0,,,
JPM,1993-12-31,3M,USD,,,,,,,,,,309000000.0,,16000000.0,617000000.0,,,925000000.0,2074000000.0,347000000.0,309000000.0,347000000.0,,0.0,347000000.0,347000000.0,347000000.0,1149000000.0,347000000.0,2202000000.0,,,,38000000.0,581000000.0,136000000.0,,617000000.0,,617000000.0,,0.0,234000000.0,0.4,2202000000.0,,,
JPM,1994-03-31,3M,USD,,,755263158.0,0.38,,,,755263158.0,0.38,287000000.0,,231000000.0,637000000.0,,,947000000.0,2090000000.0,319000000.0,287000000.0,319000000.0,,,319000000.0,319000000.0,319000000.0,1143000000.0,319000000.0,2074000000.0,,,,32000000.0,545000000.0,89000000.0,,637000000.0,,637000000.0,,0.0,226000000.0,0.4,2074000000.0,,,
JPM,1994-06-30,3M,USD,,,753488372.0,0.43,,,,753488372.0,0.43,324000000.0,,216000000.0,644000000.0,,,1034000000.0,2219000000.0,357000000.0,324000000.0,357000000.0,,,357000000.0,357000000.0,357000000.0,1185000000.0,357000000.0,2052000000.0,,,,33000000.0,611000000.0,57000000.0,,644000000.0,,644000000.0,,0.0,254000000.0,0.4,2052000000.0,,,
JPM,1994-09-30,3M,USD,,,769811321.0,0.53,,,,769811321.0,0.53,408000000.0,,218000000.0,682000000.0,,,1136000000.0,2313000000.0,439000000.0,408000000.0,439000000.0,,,439000000.0,439000000.0,439000000.0,1177000000.0,439000000.0,2161000000.0,,,,31000000.0,750000000.0,130000000.0,,682000000.0,,682000000.0,,0.0,311000000.0,0.4,2161000000.0,,,
JPM,1994-12-31,3M,USD,,,,,,,,,,149000000.0,,46000000.0,681000000.0,,,1297000000.0,2466000000.0,179000000.0,149000000.0,179000000.0,,,179000000.0,179000000.0,179000000.0,1169000000.0,179000000.0,1984000000.0,,,,30000000.0,306000000.0,101000000.0,,681000000.0,,681000000.0,,0.0,127000000.0,0.4,1984000000.0,,,
JPM,1995-03-31,3M,USD,,,785714286.0,0.49,,,,785714286.0,0.49,385000000.0,,-18000000.0,653000000.0,,,1510000000.0,2666000000.0,385000000.0,385000000.0,396000000.0,,-11000000.0,396000000.0,396000000.0,385000000.0,1156000000.0,396000000.0,2026000000.0,,,,,660000000.0,,,653000000.0,,653000000.0,,0.0,264000000.0,0.4,2026000000.0,,,
JPM,1995-06-30,3M,USD,,,794736842.0,0.57,,,,808928571.0,0.56,453000000.0,,69000000.0,674000000.0,,,1605000000.0,2767000000.0,453000000.0,453000000.0,453000000.0,,,453000000.0,453000000.0,453000000.0,1162000000.0,453000000.0,2123000000.0,,,,,755000000.0,,,674000000.0,,674000000.0,,0.0,302000000.0,0.4,2123000000.0,,,
JPM,1995-09-30,3M,USD,,,822413793.0,0.58,,,,836842105.0,0.57,477000000.0,,47000000.0,720000000.0,,,1636000000.0,2833000000.0,477000000.0,477000000.0,477000000.0,,,477000000.0,477000000.0,477000000.0,1197000000.0,477000000.0,2174000000.0,,,,,795000000.0,,,720000000.0,,720000000.0,,0.0,318000000.0,0.4,2174000000.0,,,
JPM,1995-12-31,3M,USD,,,,,,,,,,385000000.0,,21000000.0,719000000.0,,,1678000000.0,2852000000.0,490000000.0,385000000.0,490000000.0,,0.0,490000000.0,490000000.0,490000000.0,1174000000.0,490000000.0,2132000000.0,,,,,766000000.0,86000000.0,,719000000.0,,719000000.0,,0.0,276000000.0,0.360313,2132000000.0,,,
JPM,1996-03-31,3M,USD,,,751548000.0,-0.11,,,,751548000.0,-0.11,-89000000.0,,52000000.0,1381000000.0,,,2897000000.0,5063000000.0,-89000000.0,-89000000.0,-89000000.0,,,-89000000.0,-89000000.0,-89000000.0,2166000000.0,-89000000.0,4035000000.0,,,,,-303000000.0,208000000.0,,1381000000.0,,1381000000.0,,0.0,-214000000.0,0.4,4035000000.0,,,
JPM,1996-06-30,3M,USD,,,1335000000.0,0.6,,,,1335000000.0,0.6,801000000.0,,24000000.0,1271000000.0,,,2766000000.0,4789000000.0,856000000.0,801000000.0,856000000.0,,,856000000.0,856000000.0,856000000.0,2023000000.0,856000000.0,3954000000.0,,,,55000000.0,1380000000.0,198000000.0,,1271000000.0,,1271000000.0,,0.0,524000000.0,0.37971,3954000000.0,,,
JPM,1996-09-30,3M,USD,,,1227868852.0,0.61,,,,1269491525.0,0.59,749000000.0,,34000000.0,1251000000.0,,,2849000000.0,4918000000.0,858000000.0,749000000.0,858000000.0,,,858000000.0,858000000.0,858000000.0,2069000000.0,858000000.0,3925000000.0,,,,109000000.0,1385000000.0,225000000.0,,1251000000.0,,1251000000.0,,0.0,527000000.0,0.380505,3925000000.0,,,
JPM,1996-12-31,3M,USD,,,,,,,,,,781000000.0,,25000000.0,1255000000.0,,,3057000000.0,5139000000.0,836000000.0,781000000.0,836000000.0,,,836000000.0,836000000.0,836000000.0,2082000000.0,836000000.0,3938000000.0,,,,55000000.0,1349000000.0,238000000.0,,1255000000.0,,1255000000.0,,0.0,513000000.0,0.380282,3938000000.0,,,
JPM,1997-03-31,3M,USD,,,1301492537.0,0.67,,,,1321212121.0,0.66,872000000.0,,101000000.0,1346000000.0,,,3074000000.0,5125000000.0,927000000.0,872000000.0,927000000.0,,,927000000.0,927000000.0,927000000.0,2051000000.0,927000000.0,4150000000.0,,,,55000000.0,1483000000.0,235000000.0,,1346000000.0,,1346000000.0,,0.0,556000000.0,0.374916,4150000000.0,,,
JPM,1997-06-30,3M,USD,,,1266666667.0,0.69,,,,1304477612.0,0.67,874000000.0,,30000000.0,1329000000.0,,,3351000000.0,5333000000.0,925000000.0,874000000.0,925000000.0,,,925000000.0,925000000.0,925000000.0,1982000000.0,925000000.0,4140000000.0,,,,51000000.0,1480000000.0,236000000.0,,1329000000.0,,1329000000.0,,0.0,555000000.0,0.375,4140000000.0,,,
JPM,1997-09-30,3M,USD,,,1254666667.0,0.75,,,,1306944444.0,0.72,941000000.0,,58000000.0,1498000000.0,,,3449000000.0,5495000000.0,982000000.0,941000000.0,982000000.0,,,982000000.0,982000000.0,982000000.0,2046000000.0,982000000.0,4409000000.0,,,,41000000.0,1558000000.0,241000000.0,,1498000000.0,,1498000000.0,,0.0,576000000.0,0.369705,4409000000.0,,,
JPM,1997-12-31,3M,USD,,,,,,,,,,839000000.0,,123000000.0,1264000000.0,,,3724000000.0,5803000000.0,874000000.0,839000000.0,874000000.0,,,874000000.0,874000000.0,874000000.0,2079000000.0,874000000.0,4084000000.0,,,,35000000.0,1389000000.0,239000000.0,,1264000000.0,,1264000000.0,,0.0,515000000.0,0.37077,4084000000.0,,,
JPM,1998-03-31,3M,USD,,,1256363636.0,0.55,,,,1303773585.0,0.53,691000000.0,,83000000.0,1478000000.0,,,3629000000.0,5793000000.0,725000000.0,691000000.0,725000000.0,,,725000000.0,725000000.0,725000000.0,2164000000.0,725000000.0,4629000000.0,,,,34000000.0,1150000000.0,242000000.0,,1478000000.0,,1478000000.0,,0.0,425000000.0,0.369565,4629000000.0,,,
JPM,1998-06-30,3M,USD,,,1265060241.0,0.83,,,,1312500000.0,0.8,1050000000.0,,98000000.0,1485000000.0,,,3587000000.0,5623000000.0,1074000000.0,1050000000.0,1074000000.0,,,1074000000.0,1074000000.0,1074000000.0,2036000000.0,1074000000.0,4765000000.0,,,,24000000.0,1705000000.0,316000000.0,,1485000000.0,,1485000000.0,,0.0,631000000.0,0.370088,4765000000.0,,,
JPM,1998-09-30,3M,USD,,,1273437500.0,0.64,,,,1293650794.0,0.63,815000000.0,,261000000.0,1426000000.0,,,3226000000.0,5432000000.0,837000000.0,815000000.0,837000000.0,,,837000000.0,837000000.0,837000000.0,2206000000.0,837000000.0,4401000000.0,,,,22000000.0,1299000000.0,278000000.0,,1426000000.0,,1426000000.0,,0.0,462000000.0,0.355658,4401000000.0,,,
JPM,1998-12-31,3M,USD,,,,,,,,,,1128000000.0,,167000000.0,1490000000.0,,,3281000000.0,5441000000.0,1146000000.0,1128000000.0,1146000000.0,,,1146000000.0,1146000000.0,1146000000.0,2160000000.0,1146000000.0,5066000000.0,,,,18000000.0,1776000000.0,334000000.0,,1490000000.0,,1490000000.0,,0.0,630000000.0,0.35473,5066000000.0,,,
JPM,1999-03-31,3M,USD,,,1240136031.0,0.91,,,,1240136031.0,0.88,1155000000.0,,156000000.0,1639000000.0,,,2823000000.0,5027000000.0,1173000000.0,1155000000.0,1173000000.0,,,1173000000.0,1173000000.0,1173000000.0,2204000000.0,963305280.528053,5144000000.0,,,,18000000.0,1818000000.0,340000000.0,,1639000000.0,114000000.0,1753000000.0,,115305280.528053,645000000.0,0.354785,5144000000.0,325000000.0,325000000.0,
JPM,1999-06-30,3M,USD,,,1250000000.0,1.1,,,,1285046729.0,1.07,1375000000.0,,5000000.0,1654000000.0,,,2728000000.0,4873000000.0,1393000000.0,1375000000.0,1393000000.0,,,1393000000.0,1393000000.0,1393000000.0,2145000000.0,1062162500.0,5616000000.0,,,,18000000.0,2160000000.0,352000000.0,,1654000000.0,114000000.0,1768000000.0,,182162500.0,767000000.0,0.355093,5616000000.0,513000000.0,513000000.0,
JPM,1999-09-30,3M,USD,,,1231784000.0,0.95,,,,1273913000.0,0.91,1168000000.0,,-1000000.0,1655000000.0,,,2826000000.0,4996000000.0,1187000000.0,1168000000.0,1187000000.0,,,1187000000.0,1187000000.0,1187000000.0,2170000000.0,940035871.96468,5191000000.0,,,,19000000.0,1812000000.0,336000000.0,,1655000000.0,128000000.0,1783000000.0,,130035871.96468,625000000.0,0.344923,5191000000.0,377000000.0,377000000.0,
JPM,1999-12-31,3M,USD,,,,,,,,,,1677000000.0,,-59000000.0,1694000000.0,,,3116000000.0,5341000000.0,1693000000.0,1677000000.0,1693000000.0,,,1693000000.0,1693000000.0,1693000000.0,2225000000.0,868440232.108317,6266000000.0,,,,16000000.0,2585000000.0,375000000.0,,1694000000.0,103000000.0,1797000000.0,,434440232.108317,892000000.0,0.345068,6266000000.0,1259000000.0,1259000000.0,
JPM,2000-03-31,3M,USD,,,1235631895.0,1.1,,,,1235631895.0,1.06,1344000000.0,,14000000.0,2040000000.0,,,3448000000.0,5409000000.0,1360000000.0,1344000000.0,1360000000.0,,,1360000000.0,1360000000.0,1360000000.0,1961000000.0,1035107501.194458,5925000000.0,,,,16000000.0,2093000000.0,386000000.0,,2040000000.0,100000000.0,2140000000.0,,175107501.194458,733000000.0,0.350215,5925000000.0,500000000.0,500000000.0,
JPM,2000-06-30,3M,USD,,,1853100000.0,0.87,,,,1939200000.0,0.83,1074000000.0,,57000000.0,1866000000.0,,,3699000000.0,5614000000.0,1091000000.0,1074000000.0,1091000000.0,,,1091000000.0,1091000000.0,1091000000.0,1915000000.0,929659511.031604,5416000000.0,,,,17000000.0,1677000000.0,389000000.0,50000000.0,1866000000.0,121000000.0,1987000000.0,-50000000.0,86659511.031604,586000000.0,0.349434,5416000000.0,248000000.0,248000000.0,
JPM,2000-09-30,3M,USD,,,1267300000.0,0.73,,,,1311800000.0,0.69,871000000.0,,96000000.0,2017000000.0,,,4076000000.0,6069000000.0,884000000.0,871000000.0,884000000.0,,,884000000.0,884000000.0,884000000.0,1993000000.0,951600000.0,5400000000.0,,,,13000000.0,1360000000.0,445000000.0,79000000.0,2017000000.0,146000000.0,2163000000.0,-79000000.0,-36400000.0,476000000.0,0.35,5400000000.0,-104000000.0,-104000000.0,
JPM,2000-12-31,3M,USD,,,,,,,,,,2342000000.0,,62000000.0,6825000000.0,,,15908000000.0,19551000000.0,2392000000.0,2342000000.0,2392000000.0,,,2392000000.0,2392000000.0,2392000000.0,3643000000.0,3095724673.882875,16193000000.0,,,,50000000.0,3603000000.0,1325000000.0,1302000000.0,6825000000.0,228000000.0,7053000000.0,-1302000000.0,-356275326.117125,1211000000.0,0.336109,16193000000.0,-1060000000.0,-1060000000.0,
JPM,2001-03-31,3M,USD,,,1966600000.0,0.6,,,,2032200000.0,0.58,1178000000.0,,455000000.0,3357000000.0,,,6762000000.0,9180000000.0,1199000000.0,1178000000.0,1224000000.0,,-25000000.0,1224000000.0,1224000000.0,1199000000.0,2418000000.0,1169310638.297872,8253000000.0,,,,21000000.0,1880000000.0,730000000.0,328000000.0,3357000000.0,141000000.0,3498000000.0,-328000000.0,29310638.297872,656000000.0,0.348936,8253000000.0,84000000.0,84000000.0,
JPM,2001-06-30,3M,USD,,,1978400000.0,0.18,,,,2033600000.0,0.18,359000000.0,,67000000.0,3052000000.0,,,5688000000.0,8469000000.0,378000000.0,359000000.0,378000000.0,,,378000000.0,378000000.0,378000000.0,2781000000.0,716584615.384615,6871000000.0,,,,19000000.0,585000000.0,651000000.0,478000000.0,3052000000.0,144000000.0,3196000000.0,-478000000.0,-185415384.615385,207000000.0,0.353846,6871000000.0,-524000000.0,-524000000.0,
JPM,2001-09-30,3M,USD,,,1975300000.0,0.22,,,,2020900000.0,0.22,436000000.0,,142000000.0,2883000000.0,,,5050000000.0,7709000000.0,449000000.0,436000000.0,449000000.0,,,449000000.0,449000000.0,449000000.0,2659000000.0,900013452.914798,7349000000.0,,,,13000000.0,669000000.0,713000000.0,876000000.0,2883000000.0,137000000.0,3020000000.0,-876000000.0,-220986547.085202,220000000.0,0.328849,7349000000.0,-672000000.0,-672000000.0,
JPM,2001-12-31,3M,USD,,,,,,,,,,-345000000.0,,202000000.0,2652000000.0,,,3879000000.0,6823000000.0,-332000000.0,-345000000.0,-332000000.0,,0.0,-332000000.0,-332000000.0,-332000000.0,2944000000.0,124000000.0,6577000000.0,,,,13000000.0,-568000000.0,797000000.0,841000000.0,2652000000.0,179000000.0,2831000000.0,-841000000.0,-304000000.0,-236000000.0,0.4,6577000000.0,-760000000.0,-760000000.0,
JPM,2002-03-31,3M,USD,,,1978200000.0,0.49,,,,2005800000.0,0.48,969000000.0,,114000000.0,2823000000.0,,,3359000000.0,6286000000.0,982000000.0,969000000.0,982000000.0,,,982000000.0,982000000.0,982000000.0,2927000000.0,1157003362.474781,7598000000.0,,,,13000000.0,1487000000.0,631000000.0,255000000.0,2823000000.0,146000000.0,2969000000.0,-255000000.0,-89996637.525219,505000000.0,0.33961,7598000000.0,-265000000.0,-265000000.0,
JPM,2002-06-30,3M,USD,,,1982600000.0,0.51,,,,2016000000.0,0.5,1015000000.0,,124000000.0,2761000000.0,,,3616000000.0,6498000000.0,1028000000.0,1015000000.0,1028000000.0,,,1028000000.0,1028000000.0,1028000000.0,2882000000.0,1185595894.804362,7574000000.0,,,,13000000.0,1559000000.0,828000000.0,229000000.0,2761000000.0,144000000.0,2905000000.0,-229000000.0,-81404105.195638,531000000.0,0.340603,7574000000.0,-239000000.0,-239000000.0,
JPM,2002-09-30,3M,USD,,,1986000000.0,0.01,,,,2006000000.0,0.01,27000000.0,,578000000.0,2367000000.0,,,3580000000.0,6316000000.0,40000000.0,27000000.0,40000000.0,,,40000000.0,40000000.0,40000000.0,2736000000.0,288666666.666667,6947000000.0,,,,13000000.0,60000000.0,529000000.0,333000000.0,2367000000.0,179000000.0,2546000000.0,-333000000.0,-124333333.333333,20000000.0,0.333333,6947000000.0,-373000000.0,-373000000.0,
JPM,2002-12-31,3M,USD,,,,,,,,,,-399000000.0,,747000000.0,3032000000.0,,,3203000000.0,6184000000.0,-387000000.0,-399000000.0,-387000000.0,,,-387000000.0,-387000000.0,-387000000.0,2981000000.0,758836456.558773,7495000000.0,,,,12000000.0,-587000000.0,1438000000.0,393000000.0,3032000000.0,220000000.0,3252000000.0,-1693000000.0,-592163543.441227,-200000000.0,0.340716,7495000000.0,-1738000000.0,-1738000000.0,
JPM,2003-03-31,3M,USD,,,2000000000.0,0.69,,,,2022000000.0,0.69,1387000000.0,,485000000.0,3174000000.0,,,3048000000.0,6263000000.0,1400000000.0,1387000000.0,1400000000.0,,,1400000000.0,1400000000.0,1400000000.0,3215000000.0,1545805843.543827,8406000000.0,,,,13000000.0,2122000000.0,1060000000.0,,3174000000.0,164000000.0,3338000000.0,,-75194156.456173,722000000.0,0.340245,8406000000.0,-221000000.0,-221000000.0,
JPM,2003-06-30,3M,USD,,,2006000000.0,0.9,,,,2051000000.0,0.89,1815000000.0,,768000000.0,3231000000.0,,,2808000000.0,5871000000.0,1827000000.0,1815000000.0,1827000000.0,,,1827000000.0,1827000000.0,1827000000.0,3063000000.0,1912176364.293459,9034000000.0,,,,12000000.0,2767000000.0,1090000000.0,,3231000000.0,167000000.0,3398000000.0,-100000000.0,-43823635.706541,940000000.0,0.339718,9034000000.0,-129000000.0,-129000000.0,
JPM,2003-09-30,3M,USD,,,2012000000.0,0.8,,,,2068000000.0,0.78,1615000000.0,,164000000.0,2713000000.0,,,2648000000.0,5696000000.0,1628000000.0,1615000000.0,1628000000.0,,,1628000000.0,1628000000.0,1628000000.0,3048000000.0,1547604938.271605,7748000000.0,,,,13000000.0,2430000000.0,190000000.0,,2713000000.0,179000000.0,2892000000.0,,39604938.271605,802000000.0,0.330041,7748000000.0,120000000.0,120000000.0,
JPM,2003-12-31,3M,USD,,,,,,,,,,1851000000.0,,29000000.0,2577000000.0,,,2603000000.0,5614000000.0,1864000000.0,1851000000.0,1864000000.0,,,1864000000.0,1864000000.0,1864000000.0,3011000000.0,1751843484.680694,8068000000.0,,,,13000000.0,2709000000.0,761000000.0,,2577000000.0,200000000.0,2777000000.0,0.0,50843484.680694,845000000.0,0.311923,8068000000.0,163000000.0,163000000.0,
JPM,2004-03-31,3M,USD,,,2032000000.0,0.94,,,,2093000000.0,0.92,1917000000.0,,126000000.0,3370000000.0,,,2648000000.0,5478000000.0,1930000000.0,1917000000.0,1930000000.0,,,1930000000.0,1930000000.0,1930000000.0,2830000000.0,1726562177.058216,8977000000.0,,,,13000000.0,2903000000.0,762000000.0,,3370000000.0,199000000.0,3569000000.0,,102562177.058216,973000000.0,0.335171,8977000000.0,306000000.0,306000000.0,
JPM,2004-06-30,3M,USD,,,2042800000.0,-0.27,,,,2042800000.0,-0.27,-561000000.0,,39000000.0,3011000000.0,,,2628000000.0,5453000000.0,-548000000.0,-561000000.0,-548000000.0,,,-548000000.0,-548000000.0,-548000000.0,2825000000.0,1473400000.0,8599000000.0,,3700000000.0,,13000000.0,-1075000000.0,671000000.0,90000000.0,3011000000.0,202000000.0,3213000000.0,-3790000000.0,-1347600000.0,-527000000.0,0.4,8599000000.0,-3369000000.0,-3369000000.0,
JPM,2004-09-30,3M,USD,,,3513500000.0,0.4,,,,3592000000.0,0.39,1405000000.0,,413000000.0,4050000000.0,,,4041000000.0,9493000000.0,1418000000.0,1405000000.0,1418000000.0,,,1418000000.0,1418000000.0,1418000000.0,5452000000.0,1962326697.294538,12505000000.0,,,,13000000.0,1959000000.0,1171000000.0,752000000.0,4050000000.0,506000000.0,4556000000.0,-752000000.0,-207673302.705462,541000000.0,0.276161,12505000000.0,-752000000.0,-752000000.0,
JPM,2004-12-31,3M,USD,,,,,,,,,,1653000000.0,,569000000.0,4211000000.0,,,4533000000.0,9862000000.0,1666000000.0,1653000000.0,1666000000.0,,,1666000000.0,1666000000.0,1666000000.0,5329000000.0,2027993352.72123,12950000000.0,,0.0,,13000000.0,2407000000.0,1231000000.0,523000000.0,4211000000.0,428000000.0,4639000000.0,-523000000.0,-161006647.27877,741000000.0,0.307852,12950000000.0,-523000000.0,-523000000.0,
JPM,2005-03-31,3M,USD,,,3517500000.0,0.64,,,,3569800000.0,0.63,2259000000.0,,-45000000.0,4702000000.0,,,5407000000.0,10632000000.0,2264000000.0,2259000000.0,2264000000.0,,,2264000000.0,2264000000.0,2264000000.0,5225000000.0,2984645750.837648,13647000000.0,,900000000.0,,5000000.0,3283000000.0,1165000000.0,145000000.0,4702000000.0,483000000.0,5185000000.0,-1045000000.0,-324354249.162352,1019000000.0,0.310387,13647000000.0,-1045000000.0,-1045000000.0,
JPM,2005-06-30,3M,USD,,,3493000000.0,0.28,,,,3548300000.0,0.28,991000000.0,,407000000.0,4266000000.0,,,5948000000.0,10949000000.0,994000000.0,991000000.0,994000000.0,,,994000000.0,994000000.0,994000000.0,5001000000.0,2694949880.668258,12743000000.0,,1872000000.0,,3000000.0,1257000000.0,1056000000.0,279000000.0,4266000000.0,537000000.0,4803000000.0,-2151000000.0,-450050119.331742,263000000.0,0.209228,12743000000.0,-2151000000.0,-2151000000.0,
JPM,2005-09-30,3M,USD,,,3485000000.0,0.72,,,,3547700000.0,0.71,2524000000.0,,343000000.0,5001000000.0,,,6583000000.0,11435000000.0,2527000000.0,2524000000.0,2527000000.0,,,2527000000.0,2527000000.0,2527000000.0,4852000000.0,2675686634.717785,14465000000.0,,,,3000000.0,3756000000.0,1034000000.0,221000000.0,5001000000.0,512000000.0,5513000000.0,-221000000.0,-72313365.282215,1229000000.0,0.32721,14465000000.0,-221000000.0,-221000000.0,
JPM,2005-12-31,3M,USD,,,,,,,,,,2696000000.0,,-232000000.0,4286000000.0,,,7431000000.0,12184000000.0,2698000000.0,2696000000.0,2698000000.0,,,2698000000.0,2698000000.0,2698000000.0,4753000000.0,842651696.861444,13678000000.0,,,,2000000.0,3919000000.0,1063000000.0,77000000.0,4286000000.0,2692000000.0,6978000000.0,2695000000.0,839651696.861444,1221000000.0,0.311559,13678000000.0,2695000000.0,2695000000.0,
JPM,2006-03-31,3M,USD,,,3472700000.0,0.89,,,,3570800000.0,0.86,3077000000.0,,-116000000.0,5600000000.0,,,8241000000.0,13301000000.0,3081000000.0,3077000000.0,3081000000.0,,,3081000000.0,3081000000.0,3081000000.0,5060000000.0,3128012894.906512,15236000000.0,,,,4000000.0,4653000000.0,837000000.0,71000000.0,5600000000.0,519000000.0,6119000000.0,-71000000.0,-23987105.093488,1572000000.0,0.337847,15236000000.0,-71000000.0,-71000000.0,
JPM,2006-06-30,3M,USD,,,3473800000.0,1.02,,,,3572200000.0,0.99,3540000000.0,,-502000000.0,5268000000.0,,,9235000000.0,14413000000.0,3540000000.0,3540000000.0,3484000000.0,56000000.0,,3540000000.0,3484000000.0,3540000000.0,5178000000.0,3541498368.835156,14940000000.0,,,,,5211000000.0,883000000.0,86000000.0,5268000000.0,526000000.0,5794000000.0,-86000000.0,-28501631.164844,1727000000.0,0.331414,14940000000.0,-86000000.0,-86000000.0,
JPM,2006-09-30,3M,USD,,,3468600000.0,0.95,,,,3574000000.0,0.92,3297000000.0,,2676000000.0,5390000000.0,,,9557000000.0,14936000000.0,3297000000.0,3297000000.0,3232000000.0,65000000.0,,3297000000.0,3232000000.0,3297000000.0,5379000000.0,3263423131.45635,15400000000.0,,,,,4937000000.0,860000000.0,48000000.0,5390000000.0,550000000.0,5940000000.0,-48000000.0,-16576868.54365,1705000000.0,0.345351,15400000000.0,-48000000.0,-48000000.0,
JPM,2006-12-31,3M,USD,,,,,,,,,,4530000000.0,,-7831000000.0,4985000000.0,,,11001000000.0,16693000000.0,4526000000.0,4530000000.0,3906000000.0,620000000.0,,4526000000.0,3906000000.0,4526000000.0,5692000000.0,3981492848.859683,16054000000.0,,,,0.0,5174000000.0,997000000.0,100000000.0,4985000000.0,614000000.0,5599000000.0,-100000000.0,-24507151.140317,1268000000.0,0.245072,16054000000.0,-100000000.0,-100000000.0,
JPM,2007-03-31,3M,USD,,,3456400000.0,1.38,,,,3559500000.0,1.34,4787000000.0,,4473000000.0,6234000000.0,,,10518000000.0,16636000000.0,4787000000.0,4787000000.0,4787000000.0,,,4787000000.0,4787000000.0,4787000000.0,6118000000.0,4827479268.957992,18968000000.0,,,,,7332000000.0,876000000.0,62000000.0,6234000000.0,482000000.0,6716000000.0,-62000000.0,-21520731.042008,2545000000.0,0.347109,18968000000.0,-62000000.0,-62000000.0,
JPM,2007-06-30,3M,USD,,,3415100000.0,1.24,,,,3521600000.0,1.2,4234000000.0,,3343000000.0,6309000000.0,,,11174000000.0,17489000000.0,4234000000.0,4234000000.0,4234000000.0,,,4234000000.0,4234000000.0,4234000000.0,6315000000.0,4276666666.666667,18908000000.0,,,,,6351000000.0,927000000.0,64000000.0,6309000000.0,457000000.0,6766000000.0,-64000000.0,-21333333.333333,2117000000.0,0.333333,18908000000.0,-64000000.0,-64000000.0,
JPM,2007-09-30,3M,USD,,,3375900000.0,1.0,,,,3477700000.0,0.97,3373000000.0,,474000000.0,4677000000.0,,,11893000000.0,19219000000.0,3373000000.0,3373000000.0,3373000000.0,,,3373000000.0,3373000000.0,3373000000.0,7326000000.0,3414150600.0,16112000000.0,,,,,5000000000.0,957000000.0,61000000.0,4677000000.0,561000000.0,5238000000.0,-61000000.0,-19849400.0,1627000000.0,0.3254,16112000000.0,-61000000.0,-61000000.0,
JPM,2007-12-31,3M,USD,,,,,,,,,,2971000000.0,,-8126000000.0,5469000000.0,,,11396000000.0,18043000000.0,2971000000.0,2971000000.0,2971000000.0,,,2971000000.0,2971000000.0,2971000000.0,6647000000.0,2986856865.599224,17384000000.0,,,,,4122000000.0,1061000000.0,22000000.0,5469000000.0,570000000.0,6039000000.0,-22000000.0,-6143134.400776,1151000000.0,0.279233,17384000000.0,-22000000.0,-22000000.0,
JPM,2008-03-31,3M,USD,,,3396000000.0,0.7,,,,3494700000.0,0.68,2373000000.0,,-770000000.0,4951000000.0,,,9873000000.0,17532000000.0,2373000000.0,2373000000.0,2373000000.0,,,2373000000.0,2373000000.0,2373000000.0,7659000000.0,2373000000.0,16890000000.0,,,,,3535000000.0,923000000.0,,4951000000.0,546000000.0,5497000000.0,,0.0,1162000000.0,0.328713,16890000000.0,,,
JPM,2008-06-30,3M,USD,,,3426200000.0,0.54,,,,3453100000.0,0.53,2003000000.0,,647000000.0,6913000000.0,,,8235000000.0,16529000000.0,2003000000.0,2003000000.0,2003000000.0,,,2003000000.0,2003000000.0,2003000000.0,8294000000.0,2115202746.657029,18399000000.0,,,,,2767000000.0,1212000000.0,155000000.0,6913000000.0,413000000.0,7326000000.0,-155000000.0,-42797253.342971,764000000.0,0.276111,18399000000.0,-155000000.0,-155000000.0,
JPM,2008-09-30,3M,USD,305000000.0,305000000.0,3411100000.0,0.141403,305000000.0,305000000.0,,3512900000.0,0.141403,527000000.0,,424000000.0,5858000000.0,,,8332000000.0,17326000000.0,527000000.0,527000000.0,-54000000.0,0.0,581000000.0,-54000000.0,-54000000.0,527000000.0,8994000000.0,8400000.0,14737000000.0,1112000000.0,,,,-2187000000.0,305000000.0,96000000.0,5858000000.0,453000000.0,6311000000.0,-96000000.0,-33600000.0,-2133000000.0,0.35,14737000000.0,-96000000.0,-96000000.0,
JPM,2008-12-31,3M,USD,326000000.0,326000000.0,3737500000.0,0.07,326000000.0,326000000.0,,3737500000.0,0.07,279000000.0,,456000000.0,5024000000.0,,,7799000000.0,21631000000.0,702000000.0,279000000.0,-623000000.0,,1325000000.0,-623000000.0,-623000000.0,702000000.0,13832000000.0,-505350000.0,17226000000.0,1207000000.0,,,423000000.0,-1342000000.0,326000000.0,181000000.0,5024000000.0,501000000.0,5525000000.0,-181000000.0,-63350000.0,-719000000.0,0.35,17226000000.0,-181000000.0,-181000000.0,
JPM,2009-03-31,3M,USD,275000000.0,275000000.0,3755700000.0,0.4,275000000.0,275000000.0,,3758700000.0,0.4,1519000000.0,,198000000.0,7588000000.0,,,4559000000.0,17926000000.0,2141000000.0,1519000000.0,2141000000.0,,0.0,2141000000.0,2141000000.0,2141000000.0,13367000000.0,2284620746.073298,25025000000.0,1146000000.0,,93000000.0,529000000.0,3056000000.0,275000000.0,205000000.0,7588000000.0,384000000.0,7972000000.0,-205000000.0,-61379253.926702,915000000.0,0.299411,25025000000.0,-205000000.0,-205000000.0,
JPM,2009-06-30,3M,USD,265000000.0,265000000.0,3811500000.0,0.28,265000000.0,265000000.0,,3824100000.0,0.28,1072000000.0,,347000000.0,6917000000.0,,,3879000000.0,16549000000.0,2721000000.0,1072000000.0,2721000000.0,,0.0,2721000000.0,2721000000.0,2721000000.0,12670000000.0,2816555746.561886,25623000000.0,1156000000.0,,1176000000.0,473000000.0,4072000000.0,265000000.0,143000000.0,6917000000.0,417000000.0,7334000000.0,-143000000.0,-47444253.438114,1351000000.0,0.331778,25623000000.0,-143000000.0,-143000000.0,
JPM,2009-09-30,3M,USD,254000000.0,254000000.0,3937900000.0,0.82,254000000.0,254000000.0,,3962000000.0,0.82,3240000000.0,,184000000.0,7311000000.0,,,3523000000.0,16260000000.0,3588000000.0,3240000000.0,3512000000.0,,76000000.0,3512000000.0,3512000000.0,3588000000.0,12737000000.0,3583446968.200672,26622000000.0,1140000000.0,,185000000.0,163000000.0,5063000000.0,254000000.0,103000000.0,7311000000.0,440000000.0,7751000000.0,-103000000.0,-31553031.799328,1551000000.0,0.30634,26622000000.0,-103000000.0,-103000000.0,
JPM,2009-12-31,3M,USD,256000000.0,256000000.0,3946100000.0,0.75,256000000.0,256000000.0,,3974100000.0,0.74,2952000000.0,,381000000.0,5112000000.0,,,3237000000.0,15615000000.0,3278000000.0,2952000000.0,3278000000.0,,0.0,3278000000.0,3278000000.0,3278000000.0,12378000000.0,3303371517.027864,23164000000.0,1182000000.0,,164000000.0,162000000.0,3876000000.0,256000000.0,30000000.0,5112000000.0,536000000.0,5648000000.0,-30000000.0,-4628482.972136,598000000.0,0.154283,23164000000.0,-30000000.0,-30000000.0,
JPM,2010-03-31,3M,USD,243000000.0,243000000.0,3970500000.0,0.75,243000000.0,243000000.0,,3994700000.0,0.74,2974000000.0,,610000000.0,7276000000.0,,,3135000000.0,16845000000.0,3326000000.0,2974000000.0,3326000000.0,,0.0,3326000000.0,3326000000.0,3326000000.0,13710000000.0,3326000000.0,27671000000.0,1137000000.0,,190000000.0,162000000.0,4537000000.0,243000000.0,0.0,7276000000.0,583000000.0,7859000000.0,0.0,0.0,1211000000.0,0.266916,27671000000.0,0.0,0.0,
JPM,2010-06-30,3M,USD,235000000.0,235000000.0,3983500000.0,1.1,235000000.0,235000000.0,,4005600000.0,1.09,4363000000.0,,1000000000.0,7616000000.0,,,3032000000.0,15719000000.0,4795000000.0,4363000000.0,4795000000.0,,0.0,4795000000.0,4795000000.0,4795000000.0,12687000000.0,4795000000.0,25101000000.0,1165000000.0,,269000000.0,163000000.0,7107000000.0,235000000.0,0.0,7616000000.0,628000000.0,8244000000.0,0.0,0.0,2312000000.0,0.325313,25101000000.0,0.0,0.0,
JPM,2010-09-30,3M,USD,218000000.0,218000000.0,3954300000.0,1.02,218000000.0,218000000.0,,3971900000.0,1.01,4019000000.0,,102000000.0,6661000000.0,,,3104000000.0,15606000000.0,4418000000.0,4019000000.0,4418000000.0,,0.0,4418000000.0,4418000000.0,4418000000.0,12502000000.0,4418000000.0,23824000000.0,1184000000.0,,239000000.0,160000000.0,6203000000.0,218000000.0,0.0,6661000000.0,651000000.0,7312000000.0,0.0,0.0,1785000000.0,0.287764,23824000000.0,0.0,0.0,
JPM,2010-12-31,3M,USD,240000000.0,240000000.0,3917000000.0,1.13,240000000.0,240000000.0,,3935200000.0,1.12,4412000000.0,,1253000000.0,6571000000.0,,,3510000000.0,15612000000.0,4831000000.0,4412000000.0,4831000000.0,,0.0,4831000000.0,4831000000.0,4831000000.0,12102000000.0,5864442669.70907,26098000000.0,1198000000.0,1500000000.0,262000000.0,157000000.0,7012000000.0,240000000.0,0.0,6571000000.0,584000000.0,7155000000.0,-1500000000.0,-466557330.29093,2181000000.0,0.311038,26098000000.0,-1500000000.0,-1500000000.0,
JPM,2011-03-31,3M,USD,217000000.0,217000000.0,3981600000.0,1.29,217000000.0,217000000.0,,4014100000.0,1.28,5136000000.0,,102000000.0,8263000000.0,,,3738000000.0,15643000000.0,5555000000.0,5136000000.0,5555000000.0,,,5555000000.0,5555000000.0,5555000000.0,11905000000.0,5555000000.0,25221000000.0,1200000000.0,,262000000.0,157000000.0,8057000000.0,217000000.0,,8263000000.0,659000000.0,8922000000.0,,0.0,2502000000.0,0.310537,25221000000.0,,,
JPM,2011-06-30,3M,USD,212000000.0,212000000.0,3958400000.0,1.28,212000000.0,212000000.0,,3958400000.0,1.27,5067000000.0,,837000000.0,7569000000.0,,,3796000000.0,15632000000.0,5431000000.0,5067000000.0,5431000000.0,,,5431000000.0,5431000000.0,5431000000.0,11836000000.0,5431000000.0,26779000000.0,1217000000.0,,206000000.0,158000000.0,8127000000.0,212000000.0,,7569000000.0,744000000.0,8313000000.0,,0.0,2696000000.0,0.331734,26779000000.0,,,
JPM,2011-09-30,3M,USD,212000000.0,212000000.0,3859600000.0,1.02,212000000.0,212000000.0,,3872200000.0,1.02,3936000000.0,,607000000.0,6908000000.0,,,3343000000.0,15160000000.0,4262000000.0,3936000000.0,4262000000.0,,,4262000000.0,4262000000.0,4262000000.0,11817000000.0,4262000000.0,23763000000.0,1248000000.0,,169000000.0,157000000.0,5818000000.0,212000000.0,,6908000000.0,926000000.0,7834000000.0,,0.0,1556000000.0,0.267446,23763000000.0,,,
JPM,2011-12-31,3M,USD,207000000.0,207000000.0,3801900000.0,0.9,207000000.0,207000000.0,,3811700000.0,0.9,3425000000.0,,47000000.0,6297000000.0,,,2923000000.0,15054000000.0,3728000000.0,3425000000.0,3728000000.0,,,3728000000.0,3728000000.0,3728000000.0,12131000000.0,4120669054.139456,21471000000.0,1282000000.0,500000000.0,146000000.0,157000000.0,4747000000.0,207000000.0,,6297000000.0,814000000.0,7111000000.0,-500000000.0,-107330945.860544,1019000000.0,0.214662,21471000000.0,-500000000.0,-500000000.0,
JPM,2012-03-31,3M,USD,193000000.0,193000000.0,3818800000.0,1.31,193000000.0,193000000.0,,3833400000.0,1.31,5017000000.0,,536000000.0,8613000000.0,,,3035000000.0,14701000000.0,5383000000.0,5017000000.0,5383000000.0,,,5383000000.0,5383000000.0,5383000000.0,11666000000.0,5383000000.0,26712000000.0,1271000000.0,,209000000.0,157000000.0,7641000000.0,193000000.0,,8613000000.0,680000000.0,9293000000.0,,0.0,2258000000.0,0.295511,26712000000.0,,,
JPM,2012-06-30,3M,USD,191000000.0,191000000.0,3808900000.0,1.22,191000000.0,191000000.0,,3820500000.0,1.21,4634000000.0,,1014000000.0,7427000000.0,,,2953000000.0,14099000000.0,4960000000.0,4634000000.0,4960000000.0,,,4960000000.0,4960000000.0,4960000000.0,11146000000.0,4960000000.0,22180000000.0,1282000000.0,,168000000.0,158000000.0,7000000000.0,191000000.0,,7427000000.0,642000000.0,8069000000.0,,0.0,2040000000.0,0.291429,22180000000.0,,,
JPM,2012-09-30,3M,USD,182000000.0,182000000.0,3803300000.0,1.41,182000000.0,182000000.0,,3813900000.0,1.4,5346000000.0,,458000000.0,7503000000.0,,,2653000000.0,13629000000.0,5708000000.0,5346000000.0,5708000000.0,,,5708000000.0,5708000000.0,5708000000.0,10976000000.0,6279800651.139494,25146000000.0,1312000000.0,800000000.0,199000000.0,163000000.0,7986000000.0,182000000.0,,7503000000.0,607000000.0,8110000000.0,-800000000.0,-228199348.860506,2278000000.0,0.285249,25146000000.0,-800000000.0,-800000000.0,
JPM,2012-12-31,3M,USD,391000000.0,391000000.0,3806700000.0,1.4,391000000.0,391000000.0,,3820900000.0,1.39,5322000000.0,,102000000.0,7042000000.0,,,2512000000.0,13634000000.0,5692000000.0,5322000000.0,5692000000.0,,,5692000000.0,5692000000.0,5692000000.0,11122000000.0,5692000000.0,23653000000.0,1359000000.0,,195000000.0,175000000.0,6950000000.0,391000000.0,,7042000000.0,648000000.0,7690000000.0,,0.0,1258000000.0,0.18,23653000000.0,,,
JPM,2013-03-31,3M,USD,152000000.0,152000000.0,3818200000.0,1.61,152000000.0,152000000.0,,3847000000.0,1.59,6131000000.0,,509000000.0,8414000000.0,,,2494000000.0,13427000000.0,6529000000.0,6131000000.0,6529000000.0,,,6529000000.0,6529000000.0,6529000000.0,10933000000.0,6529000000.0,25122000000.0,1332000000.0,,216000000.0,182000000.0,9082000000.0,152000000.0,,8414000000.0,589000000.0,9003000000.0,,0.0,2553000000.0,0.28,25122000000.0,,,
JPM,2013-06-30,3M,USD,152000000.0,152000000.0,3782400000.0,1.61,152000000.0,152000000.0,,3814300000.0,1.6,6101000000.0,,124000000.0,8019000000.0,,,2441000000.0,13145000000.0,6496000000.0,6101000000.0,6496000000.0,,,6496000000.0,6496000000.0,6496000000.0,10704000000.0,6496000000.0,25211000000.0,1361000000.0,,191000000.0,204000000.0,9298000000.0,152000000.0,,8019000000.0,578000000.0,8597000000.0,,0.0,2802000000.0,0.3,25211000000.0,,,
JPM,2013-09-30,3M,USD,140000000.0,140000000.0,3767000000.0,-0.17,140000000.0,140000000.0,,3767000000.0,-0.17,-650000000.0,,26000000.0,7325000000.0,,,2387000000.0,13162000000.0,-380000000.0,-650000000.0,-380000000.0,,,-380000000.0,-380000000.0,-380000000.0,10775000000.0,-380000000.0,23117000000.0,1356000000.0,,41000000.0,229000000.0,34000000.0,140000000.0,,7325000000.0,588000000.0,7913000000.0,,0.0,414000000.0,0.35,23117000000.0,,,
JPM,2013-12-31,3M,USD,193000000.0,193000000.0,3762100000.0,1.31,193000000.0,193000000.0,,3797100000.0,1.3,4938000000.0,,8000000.0,7052000000.0,,,2355000000.0,13262000000.0,5278000000.0,4938000000.0,5278000000.0,,,5278000000.0,5278000000.0,5278000000.0,10907000000.0,4022900000.0,21363000000.0,1376000000.0,-1793000000.0,150000000.0,190000000.0,7500000000.0,193000000.0,,7052000000.0,745000000.0,7797000000.0,1793000000.0,537900000.0,2222000000.0,0.3,21363000000.0,1793000000.0,1793000000.0,
JPM,2014-03-31,3M,USD,131000000.0,131000000.0,3787200000.0,1.29,131000000.0,131000000.0,,3823600000.0,1.28,4898000000.0,,30000000.0,7859000000.0,,,2126000000.0,12793000000.0,5274000000.0,4898000000.0,5274000000.0,,,5274000000.0,5274000000.0,5274000000.0,10667000000.0,5274000000.0,22993000000.0,1411000000.0,,149000000.0,227000000.0,7507000000.0,131000000.0,,7859000000.0,564000000.0,8423000000.0,,0.0,2233000000.0,0.3,22993000000.0,,,
JPM,2014-06-30,3M,USD,132000000.0,132000000.0,3780600000.0,1.47,132000000.0,132000000.0,,3812500000.0,1.46,5573000000.0,,12000000.0,7610000000.0,,,2063000000.0,12861000000.0,5985000000.0,5573000000.0,5985000000.0,,,5985000000.0,5985000000.0,5985000000.0,10798000000.0,5985000000.0,24454000000.0,1433000000.0,,144000000.0,268000000.0,8331000000.0,132000000.0,,7610000000.0,650000000.0,8260000000.0,,0.0,2346000000.0,0.28,24454000000.0,,,
JPM,2014-09-30,3M,USD,51000000.0,51000000.0,3755400000.0,1.37,51000000.0,51000000.0,,3788700000.0,1.36,5135000000.0,,6000000.0,7831000000.0,,,1819000000.0,12926000000.0,5572000000.0,5135000000.0,5572000000.0,,,5572000000.0,5572000000.0,5572000000.0,11107000000.0,5572000000.0,24246000000.0,1465000000.0,,133000000.0,304000000.0,7691000000.0,51000000.0,,7831000000.0,610000000.0,8441000000.0,,0.0,2119000000.0,0.28,24246000000.0,,,
JPM,2014-12-31,3M,USD,,,3730900000.0,1.2,,,,3765200000.0,1.19,4488000000.0,,29000000.0,6860000000.0,,,1889000000.0,12951000000.0,4931000000.0,4488000000.0,4931000000.0,,,4931000000.0,4931000000.0,4931000000.0,11062000000.0,4931000000.0,22512000000.0,1495000000.0,,117000000.0,326000000.0,6263000000.0,1186000000.0,,6860000000.0,726000000.0,7586000000.0,,0.0,1332000000.0,0.21,22512000000.0,,,
JPM,2015-03-31,3M,USD,,,3725300000.0,1.46,,,,3757500000.0,1.45,5452000000.0,,52000000.0,8043000000.0,,,1888000000.0,12565000000.0,5914000000.0,5452000000.0,5914000000.0,,,5914000000.0,5914000000.0,5914000000.0,10677000000.0,5914000000.0,24066000000.0,1491000000.0,,138000000.0,324000000.0,8224000000.0,1181000000.0,,8043000000.0,591000000.0,8634000000.0,,0.0,2310000000.0,0.28,24066000000.0,,,
JPM,2015-06-30,3M,USD,,,3707800000.0,1.56,,,,3743600000.0,1.54,5776000000.0,,44000000.0,7694000000.0,,,1830000000.0,12514000000.0,6290000000.0,5776000000.0,6290000000.0,,,6290000000.0,6290000000.0,6290000000.0,10684000000.0,6290000000.0,23812000000.0,1499000000.0,,134000000.0,380000000.0,8377000000.0,1238000000.0,,7694000000.0,642000000.0,8336000000.0,,0.0,2087000000.0,0.25,23812000000.0,,,
JPM,2015-09-30,3M,USD,,,3694400000.0,1.7,,,,3725600000.0,1.68,6270000000.0,,33000000.0,7320000000.0,,,1815000000.0,12739000000.0,6804000000.0,6270000000.0,6804000000.0,,,6804000000.0,6804000000.0,6804000000.0,10924000000.0,6804000000.0,22780000000.0,1546000000.0,,141000000.0,393000000.0,6730000000.0,1248000000.0,,7320000000.0,704000000.0,8024000000.0,,0.0,-74000000.0,0.4,22780000000.0,,,
JPM,2015-12-31,3M,USD,,,3674200000.0,1.34,,,,3704600000.0,1.32,4908000000.0,,73000000.0,6693000000.0,,,1930000000.0,13155000000.0,5434000000.0,4908000000.0,5434000000.0,,,5434000000.0,5434000000.0,5434000000.0,11225000000.0,5055182000.0,22371000000.0,1657000000.0,-514000000.0,108000000.0,418000000.0,7371000000.0,1273000000.0,,6693000000.0,771000000.0,7464000000.0,514000000.0,135182000.0,1937000000.0,0.263,22371000000.0,514000000.0,514000000.0,
JPM,2016-03-31,3M,USD,,,3669900000.0,1.36,,,,3696900000.0,1.35,4991000000.0,,51000000.0,7660000000.0,,,2172000000.0,13552000000.0,5520000000.0,4991000000.0,5520000000.0,,,5520000000.0,5520000000.0,5520000000.0,11380000000.0,5520000000.0,23239000000.0,1618000000.0,,117000000.0,412000000.0,7578000000.0,1289000000.0,,7660000000.0,703000000.0,8363000000.0,,0.0,2058000000.0,0.272,23239000000.0,,,
JPM,2016-06-30,3M,USD,,,3635800000.0,1.56,,,,3666500000.0,1.55,5666000000.0,,21000000.0,7778000000.0,,,2466000000.0,13813000000.0,6200000000.0,5666000000.0,6200000000.0,,,6200000000.0,6200000000.0,6200000000.0,11347000000.0,6200000000.0,24380000000.0,1665000000.0,,123000000.0,411000000.0,9340000000.0,1336000000.0,,7778000000.0,672000000.0,8450000000.0,,0.0,3140000000.0,0.336,24380000000.0,,,
JPM,2016-09-30,3M,USD,,,3597400000.0,1.6,,,,3629600000.0,1.58,5747000000.0,,64000000.0,7669000000.0,,,2467000000.0,14070000000.0,6286000000.0,5747000000.0,6286000000.0,,,6286000000.0,6286000000.0,6286000000.0,11603000000.0,6286000000.0,24673000000.0,1741000000.0,,127000000.0,412000000.0,8939000000.0,1407000000.0,,7669000000.0,825000000.0,8494000000.0,,0.0,2653000000.0,0.297,24673000000.0,,,
JPM,2016-12-31,3M,USD,,,3570700000.0,1.73,,,,3606000000.0,1.71,6180000000.0,,5000000.0,6872000000.0,,,2713000000.0,14466000000.0,6727000000.0,6180000000.0,6727000000.0,,,6727000000.0,6727000000.0,6727000000.0,11753000000.0,6727000000.0,23376000000.0,1822000000.0,,135000000.0,412000000.0,8679000000.0,1446000000.0,,6872000000.0,697000000.0,7569000000.0,,0.0,1952000000.0,0.225,23376000000.0,,,
JPM,2017-03-31,3M,USD,,,3601700000.0,1.66,,,,3630400000.0,1.65,5975000000.0,,-3000000.0,8201000000.0,,,2978000000.0,15042000000.0,6448000000.0,5975000000.0,6448000000.0,,,6448000000.0,6448000000.0,6448000000.0,12064000000.0,6448000000.0,24675000000.0,1828000000.0,,61000000.0,412000000.0,8341000000.0,1464000000.0,,8201000000.0,713000000.0,8914000000.0,,0.0,1893000000.0,0.227,24675000000.0,,,
JPM,2017-06-30,3M,USD,,,3574100000.0,1.83,,,,3599000000.0,1.82,6555000000.0,,-34000000.0,7706000000.0,,,3442000000.0,15650000000.0,7029000000.0,6555000000.0,7029000000.0,,,7029000000.0,7029000000.0,7029000000.0,12208000000.0,6563955000.0,24825000000.0,1870000000.0,-645000000.0,63000000.0,411000000.0,9749000000.0,1504000000.0,,7706000000.0,756000000.0,8462000000.0,645000000.0,179955000.0,2720000000.0,0.279,24825000000.0,645000000.0,645000000.0,
JPM,2017-09-30,3M,USD,,,3534700000.0,1.77,,,,3559600000.0,1.76,6262000000.0,,-1000000.0,7646000000.0,,,3889000000.0,16687000000.0,6732000000.0,6262000000.0,6732000000.0,,,6732000000.0,6732000000.0,6732000000.0,12798000000.0,6277920000.0,24681000000.0,1972000000.0,-645000000.0,58000000.0,412000000.0,9556000000.0,1579000000.0,,7646000000.0,710000000.0,8356000000.0,645000000.0,190920000.0,2824000000.0,0.296,24681000000.0,645000000.0,645000000.0,
JPM,2017-12-31,3M,USD,,,3489700000.0,1.08,,,,3512200000.0,1.07,3774000000.0,,-28000000.0,7456000000.0,,,3966000000.0,16993000000.0,4232000000.0,3774000000.0,4232000000.0,,,4232000000.0,4232000000.0,4232000000.0,13027000000.0,3845000000.0,23508000000.0,2036000000.0,-645000000.0,30000000.0,428000000.0,8254000000.0,1632000000.0,,7456000000.0,721000000.0,8177000000.0,645000000.0,258000000.0,4022000000.0,0.4,23508000000.0,645000000.0,645000000.0,
JPM,2018-03-31,3M,USD,,,3458300000.0,2.38,,,,3479500000.0,2.37,8238000000.0,,-245000000.0,8862000000.0,,,4383000000.0,17695000000.0,8712000000.0,8238000000.0,8712000000.0,,,8712000000.0,8712000000.0,8712000000.0,13312000000.0,8712000000.0,27907000000.0,2054000000.0,,65000000.0,409000000.0,10662000000.0,1797000000.0,,8862000000.0,800000000.0,9662000000.0,,0.0,1950000000.0,0.183,27907000000.0,,,
JPM,2018-06-30,3M,USD,,,3415200000.0,2.31,,,,3434700000.0,2.29,7880000000.0,,-80000000.0,8338000000.0,,,5384000000.0,18869000000.0,8316000000.0,7880000000.0,8316000000.0,,,8316000000.0,8316000000.0,8316000000.0,13485000000.0,8316000000.0,27753000000.0,2168000000.0,,57000000.0,379000000.0,10572000000.0,1927000000.0,,8338000000.0,798000000.0,9136000000.0,,0.0,2256000000.0,0.213,27753000000.0,,,
JPM,2018-09-30,3M,USD,,,3376100000.0,2.35,,,,3394300000.0,2.34,7948000000.0,,-46000000.0,8108000000.0,,,5932000000.0,19840000000.0,8380000000.0,7948000000.0,8380000000.0,,,8380000000.0,8380000000.0,8380000000.0,13908000000.0,8380000000.0,27260000000.0,2219000000.0,,53000000.0,379000000.0,10689000000.0,1992000000.0,,8108000000.0,798000000.0,8906000000.0,,0.0,2309000000.0,0.216,27260000000.0,,,
JPM,2018-12-31,3M,USD,,,3335800000.0,1.99,,,,3347300000.0,1.98,6641000000.0,,-24000000.0,7809000000.0,,,6684000000.0,21038000000.0,7066000000.0,6641000000.0,7066000000.0,,,7066000000.0,7066000000.0,7066000000.0,14354000000.0,7066000000.0,26109000000.0,2361000000.0,,41000000.0,384000000.0,8841000000.0,2075000000.0,,7809000000.0,894000000.0,8703000000.0,,0.0,1775000000.0,0.200769,26109000000.0,,,
JPM,2019-03-31,3M,USD,,,3298000000.0,2.65,,,,3308200000.0,2.65,8753000000.0,,13000000.0,8937000000.0,,,7441000000.0,21894000000.0,9179000000.0,8753000000.0,9179000000.0,,,9179000000.0,9179000000.0,9179000000.0,14453000000.0,9179000000.0,29123000000.0,2364000000.0,,52000000.0,374000000.0,11233000000.0,2038000000.0,,8937000000.0,879000000.0,9816000000.0,,0.0,2054000000.0,0.183,29123000000.0,,,
JPM,2019-06-30,3M,USD,,,3250600000.0,2.83,,,,3259700000.0,2.82,9192000000.0,,44000000.0,8547000000.0,,,7205000000.0,21603000000.0,9652000000.0,9192000000.0,9652000000.0,,,9652000000.0,9652000000.0,9652000000.0,14398000000.0,9652000000.0,28832000000.0,2378000000.0,,56000000.0,404000000.0,11342000000.0,2046000000.0,,8547000000.0,862000000.0,9409000000.0,,0.0,1690000000.0,0.149,28832000000.0,,,
JPM,2019-09-30,3M,USD,,,3198500000.0,2.69,,,,3207200000.0,2.68,8606000000.0,,78000000.0,8583000000.0,,,6893000000.0,21121000000.0,9080000000.0,8606000000.0,9080000000.0,,,9080000000.0,9080000000.0,9080000000.0,14228000000.0,9080000000.0,29341000000.0,2494000000.0,,51000000.0,423000000.0,11405000000.0,2145000000.0,,8583000000.0,945000000.0,9528000000.0,,0.0,2325000000.0,0.204,29341000000.0,,,
JPM,2019-12-31,3M,USD,,,3140700000.0,2.58,,,,3148500000.0,2.57,8090000000.0,,123000000.0,8088000000.0,,,5761000000.0,19927000000.0,8520000000.0,8090000000.0,8520000000.0,,,8520000000.0,8520000000.0,8520000000.0,14166000000.0,8520000000.0,28331000000.0,2585000000.0,,44000000.0,386000000.0,10565000000.0,2139000000.0,,8088000000.0,893000000.0,8981000000.0,,0.0,2045000000.0,0.194,28331000000.0,,,
JPM,2020-03-31,3M,USD,,,3095800000.0,0.79,,,,3100700000.0,0.78,2431000000.0,,233000000.0,8895000000.0,,,4722000000.0,19161000000.0,2865000000.0,2431000000.0,2865000000.0,,,2865000000.0,2865000000.0,2865000000.0,14439000000.0,2865000000.0,28251000000.0,2578000000.0,,13000000.0,421000000.0,3116000000.0,2197000000.0,,8895000000.0,859000000.0,9754000000.0,,0.0,251000000.0,0.081,28251000000.0,,,
JPM,2020-06-30,3M,USD,,,3076300000.0,1.39,,,,3081000000.0,1.38,4265000000.0,,26000000.0,9509000000.0,,,2259000000.0,16112000000.0,4687000000.0,4265000000.0,4687000000.0,,,4687000000.0,4687000000.0,4687000000.0,13853000000.0,4687000000.0,32980000000.0,2590000000.0,,21000000.0,401000000.0,5565000000.0,2149000000.0,,9509000000.0,481000000.0,9990000000.0,,0.0,878000000.0,0.158,32980000000.0,,,
JPM,2020-09-30,3M,USD,,,3077800000.0,2.93,,,,3082800000.0,2.92,9015000000.0,,473000000.0,8630000000.0,,,1687000000.0,14700000000.0,9443000000.0,9015000000.0,9443000000.0,,,9443000000.0,9443000000.0,9443000000.0,13013000000.0,9443000000.0,29147000000.0,2564000000.0,,47000000.0,381000000.0,11661000000.0,2141000000.0,,8630000000.0,470000000.0,9100000000.0,,0.0,2218000000.0,0.19,29147000000.0,,,
JPM,2020-12-31,3M,USD,,,3079700000.0,3.8,,,,3085100000.0,3.79,11699000000.0,,70000000.0,7954000000.0,,,1292000000.0,14550000000.0,12136000000.0,11699000000.0,12136000000.0,,,12136000000.0,12136000000.0,12136000000.0,13258000000.0,12136000000.0,29224000000.0,2606000000.0,,57000000.0,380000000.0,15065000000.0,2127000000.0,,7954000000.0,725000000.0,8679000000.0,,0.0,2929000000.0,0.194,29224000000.0,,,
JPM,2021-03-31,3M,USD,,,3073500000.0,4.51,,,,3078900000.0,4.5,13851000000.0,,14000000.0,10601000000.0,,,1382000000.0,14271000000.0,14300000000.0,13851000000.0,14300000000.0,,,14300000000.0,14300000000.0,14300000000.0,12889000000.0,14300000000.0,32266000000.0,2519000000.0,,70000000.0,379000000.0,17697000000.0,2070000000.0,,10601000000.0,751000000.0,11352000000.0,,0.0,3397000000.0,0.192,32266000000.0,,,
JPM,2021-06-30,3M,USD,,,3036600000.0,3.79,,,,3041900000.0,3.78,11496000000.0,,-155000000.0,9814000000.0,,,1353000000.0,14094000000.0,11948000000.0,11496000000.0,11948000000.0,,,11948000000.0,11948000000.0,11948000000.0,12741000000.0,11948000000.0,30479000000.0,2488000000.0,,59000000.0,393000000.0,15097000000.0,2003000000.0,,9814000000.0,626000000.0,10440000000.0,,0.0,3149000000.0,0.209,30479000000.0,,,
JPM,2021-09-30,3M,USD,,,2999900000.0,3.74,,,,3005100000.0,3.74,11229000000.0,,-256000000.0,9087000000.0,,,1400000000.0,14480000000.0,11687000000.0,11229000000.0,11687000000.0,,,11687000000.0,11687000000.0,11687000000.0,13080000000.0,11687000000.0,29647000000.0,,76000000.0,56000000.0,402000000.0,14111000000.0,1928000000.0,,9087000000.0,712000000.0,9799000000.0,-76000000.0,0.0,2424000000.0,0.172,29647000000.0,-76000000.0,-76000000.0,
JPM,2021-12-31,3M,USD,,,2977300000.0,3.33,,,,2981800000.0,3.33,9927000000.0,,52000000.0,9065000000.0,,,1418000000.0,15019000000.0,10399000000.0,9927000000.0,10399000000.0,,,10399000000.0,10399000000.0,10399000000.0,13601000000.0,10399000000.0,29257000000.0,,,46000000.0,426000000.0,12657000000.0,1931000000.0,,9065000000.0,947000000.0,10012000000.0,,0.0,2258000000.0,0.178,29257000000.0,,,
JPM,2022-03-31,3M,USD,,,2977000000.0,2.64,,,,2981000000.0,2.63,7845000000.0,,-394000000.0,10787000000.0,,,1624000000.0,15496000000.0,8282000000.0,7845000000.0,8282000000.0,,,8282000000.0,8282000000.0,8282000000.0,13872000000.0,8282000000.0,30717000000.0,,,40000000.0,397000000.0,10063000000.0,1820000000.0,,10787000000.0,920000000.0,11707000000.0,,0.0,1781000000.0,0.177,30717000000.0,,,
JPM,2022-06-30,3M,USD,,,2962200000.0,2.77,,,,2966300000.0,2.76,8195000000.0,,-153000000.0,10301000000.0,,,3518000000.0,18646000000.0,8649000000.0,8195000000.0,8649000000.0,,,8649000000.0,8649000000.0,8649000000.0,15128000000.0,8649000000.0,30715000000.0,,73000000.0,44000000.0,410000000.0,10865000000.0,1789000000.0,,10301000000.0,881000000.0,11182000000.0,-73000000.0,0.0,2216000000.0,0.204,30715000000.0,-73000000.0,-73000000.0,
JPM,2022-09-30,3M,USD,,,2961200000.0,3.13,,,,2965400000.0,3.12,9255000000.0,,-959000000.0,10539000000.0,,,8093000000.0,25611000000.0,9737000000.0,9255000000.0,9737000000.0,,,9737000000.0,9737000000.0,9737000000.0,17518000000.0,9775117000.0,32716000000.0,,47000000.0,50000000.0,432000000.0,12001000000.0,1771000000.0,,10539000000.0,1017000000.0,11556000000.0,-47000000.0,-8883000.0,2264000000.0,0.189,32716000000.0,-47000000.0,-47000000.0,
JPM,2022-12-31,3M,USD,,,2962900000.0,3.58,,,,2967100000.0,3.57,10598000000.0,,-874000000.0,10009000000.0,,,12862000000.0,33054000000.0,11008000000.0,10598000000.0,11008000000.0,,,11008000000.0,11008000000.0,11008000000.0,20192000000.0,11030453426.00287,34547000000.0,,27000000.0,54000000.0,356000000.0,13237000000.0,1671000000.0,,10009000000.0,1093000000.0,11102000000.0,-27000000.0,-4546573.997129,2229000000.0,0.168392,34547000000.0,-27000000.0,-27000000.0,
JPM,2023-03-31,3M,USD,,,2968500000.0,4.11,,,,2972700000.0,4.1,12193000000.0,,-868000000.0,11676000000.0,,,16293000000.0,37004000000.0,12622000000.0,12193000000.0,12622000000.0,,,12622000000.0,12622000000.0,12622000000.0,20711000000.0,12622000000.0,38349000000.0,,,73000000.0,356000000.0,15967000000.0,1649000000.0,,11676000000.0,1045000000.0,12721000000.0,,0.0,3345000000.0,0.2095,38349000000.0,,,
